
=001  000042
=008  740517s1976####nyud###f#b####001#0#eng##
=245  10$aSolid state physics /$c[by] Neil W. Ashcroft [and] N. David Mermin.
=260  \\$aNew York :$bHolt, Rinehart and Winston,$cc1976.
=300  \\$axxi, 826 p. :$bil. ;$c25 cm.
=504  \\$aIncluye referencias bibliográficas e índice.
=520  \\$aThis book provides a comprehensive introduction to the field of solid state physics for undergraduate students in physics, chemistry, engineering, and materials science.
=020  \\$a0030839939
=100  1\$aAshcroft, Neil W.
=700  1\$aMermin, N. David.
=080  \\$a539.2
=650  \7$aSolid state physics$2inist
=650  \7$aFísica del estado sólido$2inist
=010  \\$a###74009772#
=050  00$aQC176$b.A83
=040  \\$aDLC$cDLC$dDLC$bspa$darbccab
=856  41$uhttps://images-na.ssl-images-amazon.com/images/I/41AOoKaaaeL.%5FSX365%5FBO1,204,203,200%5F.jpg$3Tapa
=856  41$uhttp://campi.cab.cnea.gov.ar/tocs/23203.pdf$3Indice
=005  20161108095011.0
=003  AR-BCCAB
=082  00$a530.4/1
=942  \\$cBK
=952  \\$2udc$aARBCCAB$bARBCCAB$i480$o539.2 A35$p480$yBK
=952  \\$2udc$aARBCCAB$bARBCCAB$i5339$o539.2 A35 Ej.2$p5339$yBK
=952  \\$2udc$aARBCCAB$bARBCCAB$i5341$o539.2 A35 Ej.3$p5341$yBK
=952  \\$2udc$aARBCCAB$bARBCCAB$i5518$o539.2 A35 Ej.4$p5518$yBK
=952  \\$2udc$aARBCCAB$bARBCCAB$i5519$o539.2 A35 Ej.5$p5519$yBK
=952  \\$2udc$aARBCCAB$bARBCCAB$i11181$o539.2 A35 Ej.6$p11181$yBK
=952  \\$2udc$aARBCCAB$bARBCCAB$i17696$o539.2 A35 Ej.7$p17696$yBK
=952  \\$2udc$aARBCCAB$bARBCCAB$i16619$o539.2 A35 Ej.8$p16619$yBK
=952  \\$2udc$aARBCCAB$bARBCCAB$i11182$o539.2 A35 Ej.9$p11182$yBK
=952  \\$2udc$aARBCCAB$bARBCCAB$i11183$o539.2 A35 Ej.10$p11183$yBK
=952  \\$2udc$aARBCCAB$bARBCCAB$i11184$o539.2 A35 Ej.11$p11184$yBK
=952  \\$2udc$aARBCCAB$bARBCCAB$i12374$o539.2 A35 Ej.13$p12374$yBK
=952  \\$2udc$aARBCCAB$bARBCCAB$i19219$o539.2 A35 Ej.14$p19219$yBK
=952  \\$2udc$aARBCCAB$bARBCCAB$d2005-05-20$gU{dollar}S90.18$i19367$o539.2 A35 Ej.15$p19367$yBK
=952  \\$2udc$aARBCCAB$bARBCCAB$i23203$o539.2 A35 Ej.16$p23203$yBK
