=LDR  00000cam##2200000#a#4500

=001  000353
=008  720420s1946####enkd###f######000#0#eng##
=245  10$aConduction of heat in solids /$cby H. S. Carslaw and J. C. Jaeger.
=250  \\$a2d ed.
=260  \\$aOxford :$bClarendon Press,$cc1946.
=300  \\$a510 p. :$bil. ;$c25 cm.
=520  \\$aThis classic account describes the known exact solutions of problems of heat flow, with detailed discussion of all the most important boundary value problems.
=020  \\$a9780198533689
=100  1\$aCarslaw, H. S.$q(Horatio Scott),$d1870-1954.
=700  1\$aJaeger, J. C.$q(John Conrad),$d1907-1979.
=080  \\$a536.24
=650  \0$aHeat$xConduction.
=650  \0$aLaplace transformation.
=650  \7$aTransformación de Laplace.$2inist
=650  \7$aHeat.$2inist
=650  \7$aTransferencia de calor.$2inist
=650  \7$aConducción térmica.$2inist
=690  \\$aIngeniería Nuclear
=690  \\$aIngeniería Mecánica
=690  \\$aMaestría en Ingeniería
=010  \\$a###59001127#
=040  \\$aDLC$cDLC$dICU$dDLC$bspa$darbccab
=856  41$uhttps://images-na.ssl-images-amazon.com/images/I/41blg0dSGlL.%5FSX322%5FBO1,204,203,200%5F.jpg$3Tapa
=856  41$uhttp://campi.cab.cnea.gov.ar/tocs/23831.pdf$3Indice
=005  20190507093824.0
=003  AR-BCCAB
=942  \\$cBK
=952  \\$2udc$aARBCCAB$bARBCCAB$i8013$o536.24 C239 Ed.2$p8013$yBK
=952  \\$2udc$aARBCCAB$bARBCCAB$d2019-02-11$eEdiciones Journal$g$i23831$o536.24 C239 Ed.2 Ej.2$p23831$yBK
