=LDR  00000cam##22000001a#4500

=001  000938
=008  720103s1971####enkdf##f#b####001#0#eng##
=245  10$aIntroduction to phase transitions and critical phenomena /$cby H. Eugene Stanley.
=260  \\$aOxford :$bClarendon Press,$c1971.
=300  \\$axx, 308 p., 3 plates :$bil. ;$c24 cm.
=490  0\$aThe International series of monographs on physics
=504  \\$aIncluye referencias bibliográficas (p. 290-300) e índice.
=520  \\$aFirst published in 1971, this highly popular text is devoted to the interdisciplinary area of critical phenomena, with an emphasis on liquid-gas and ferromagnetic transitions. Advanced undergraduate and graduate students in thermodynamics, statistical mechanics, and solid state physics, as well as researchers in physics, mathematics, chemistry, and materials science, will welcome this paperback edition of Stanley's acclaimed text.
=500  \\$aTexto en papel de alineación.
=500  \\$aFe de erratas incertada.
=020  \\$a0198512570
=020  \\$a0195053168
=100  1\$aStanley, H. Eugene$q(Harry Eugene),$d1941-
=080  \\$a536.76
=650  \7$aPhase transformations$2inist
=650  \7$aThermodynamics$2inist
=650  \7$aTransformaciones de fase$2inist
=650  \7$aTermodinámica$2inist
=653  \\$aCritical phenomena
=653  \\$aFenómenos críticos
=010  \\$a###71871171#
=050  00$aQC307$b.S7 1971
=040  \\$aDLC$cDLC$dDLC$bspa$darbccab
=856  41$uhttps://images-na.ssl-images-amazon.com/images/I/412XRcMpUGL.%5FSX328%5FBO1,204,203,200%5F.jpg$yTapa
=856  41$uhttp://campi.cab.cnea.gov.ar/tocs/23185.pdf$yIndice
=005  20161025153842.0
=003  AR-BCCAB
=082  00$a530.4$219
=942  \\$cBK
=952  \\$2udc$aARBCCAB$bARBCCAB$i5227$o536.76 S25$p5227$yBK
=952  \\$2udc$aARBCCAB$bARBCCAB$i23185$o536.76 S25 Ej.2$p23185$yBK
