=LDR  00000cam##2200000#a#4500

=001  001035
=008  800214s1980####wb#d###f#b####001#0#eng##
=245  14$aThe physics of elementary excitations /$cS. Nakajima, Y. Toyozawa, R. Abe.
=260  \\$aBerlin :$bSpringer-Verlag,$c1980.
=300  \\$axi, 332 p. :$bil. ;$c24 cm.
=504  \\$aIncluye referencias bibliográficas (p. [321]-328) e índice.
=520  \\$aThis book is an introduction to the physics of elementary excitations in condensed matter with emphasis on basic concepts and their mathematical representations. The nature of the book is mainly determined by the fact that it was originally written, in Japanese, as one volume of Iwanami Series of Fundamental Physics supervised by Professor H. Yukawa. Our task was to portray the theory of condensed matter from a unified point of view for the student looking for his own research field and also for more senior readers interested in fundamentals of contemporary physics. As our point of view, we chose the concept of elementary excitation, which we believe to be one of the most fruitful concepts discovered by the quantum theory of matter. The present English edition has been translated by the authors themselves from the second, revised Japanese edition published in 1978, six years after publication of the first edition. In translating, we have introduced no major modifications; only the list of references has been made more suitable to overseas readers. In the English as well as in the Japanese editions, Chaps. 1,4, and part of 6 were written by Nakajima, Chaps. 2, 5, and 7 by Toyozawa, and Chaps. 3 and part of 6 by Abe. Finally we should like to thank Professor P. Fulde for kind help and Dr. H. Lotsch, SpriIiger-Verlag, for patient cooperation in making this English edition a reality.
=490  0\$aSpringer series in solid-state sciences ;$v12
=500  \\$aTraducción de: Soreiki no butsuri which was published as vol. 2 of Bussei.
=020  \\$a0387099212 (U.S.)
=020  \\$a3540099212
=100  1\$aNakajima, Sadao,$d1923-
=700  1\$aToyozawa, Yutaka,$d1926-
=700  1\$aAbe, Ryuzo,$d1930-
=080  \\$a539.2
=650  \7$aSolid state physics$2inist
=650  \0$aQuasiparticles (Physics)
=650  \0$aLiquids
=650  \0$aCuasi-partículas.
=650  \7$aFísica del estado sólido.$2inist
=650  \0$aLíquidos
=041  1\$aeng$hjpn
=040  \\$aDLC$cDLC$dDLC$bspa$darbccab
=856  41$uhttps://images-na.ssl-images-amazon.com/images/I/41il5fAiqVL.%5FSX315%5FBO1,204,203,200%5F.jpg$yTapa
=856  41$uhttp://campi.cab.cnea.gov.ar/tocs/23187.pdf$yIndice
=005  20161028152623.0
=003  AR-BCCAB
=942  \\$cBK
=952  \\$2udc$aARBCCAB$bARBCCAB$i12970$o539.2 N146$p12970$yBK
=952  \\$2udc$aARBCCAB$bARBCCAB$i23187$o539.2 N146 Ej.2$p23187$yBK
