=LDR  00000cam##2200000#a#4500

=001  001349
=008  741213s1975####nyud###f#b####001#0#eng##
=245  10$aIntroduction to superconductivity /$cMichael Tinkham.
=260  \\$aNew York :$bMcGraw-Hill,$c[1975]
=300  \\$axiv, 296 p. :$bil. ;$c25 cm.
=504  \\$aIncluye referencias bibliográficas (p. [281]-283) e índice.
=490  0\$aInternational series in pure and applied physics
=520  \\$aAppropriate for intermediate or advanced courses in superconductivity, this text offers a complete coverage of superconductivity and serves as an important text and a reliable reference in the physics community. This text is well-known for its accessibility to graduate students and experimental physicists because of emphasized physical arguments and minimized theoretical formalism.
=020  \\$a0070648778
=100  1\$aTinkham, Michael.
=080  \\$a537.312.62
=650  \7$aSuperconductivity$2inist
=650  \7$aSuperconductividad$2inist
=040  \\$aDLC$cDLC$dDLC$bspa$darbccab
=856  41$uhttps://images-na.ssl-images-amazon.com/images/I/51oCfwswhRL.%5FSX341%5FBO1,204,203,200%5F.jpg$yTapa
=856  41$uhttp://campi.cab.cnea.gov.ar/tocs/23197.pdf$yIndice
=005  20180227143947.0
=003  AR-BCCAB
=942  \\$cBK
=952  \\$2udc$aARBCCAB$bARBCCAB$i511$o537.312.62 T495$p511$yBK
=952  \\$2udc$aARBCCAB$bARBCCAB$i17820$o537.312.62 T495 Ej.2$p17820$yBK
=952  \\$2udc$aARBCCAB$bARBCCAB$i23197$o537.312.62 T495 Ej.3$p23197$yBK
=952  \\$2udc$aARBCCAB$bARBCCAB$d2018-02-08$i23543$o537.312.62 T495 Ej.4$p23543$yBK
