=LDR  00000pam##2200000#a#4500

=001  001410
=008  810518s1981####maud#####b####001#0#eng##
=245  10$aExperimental pulse NMR :$ba nuts and bolts approach /$cEiichi Fukushima, Stephen B. W. Roeder.
=260  \\$aReading, Mass. :$bAddison-Wesley,$c1981.
=300  \\$axiii, 539 p. :$bil. ;$c25 cm.
=504  \\$aIncluye referencias bibliográficas e índice.
=520  \\$aThis book is about pulse nuclear magnetic resonance (NMR), with its techniques, the information to be obtained, and practical advice on performing experiments. The emphasis is on the motivation and physical ideas underlying NMR experiments and the actual techniques, including the hardware used. The level is generally suitable for those to whom pulse NMR is a new technique, be they students in chemistry or physics on the one hand and research workers in biology, geology, or agriculture, on the other. The book can be used for a senior or first year graduate course where it could supplement the standard NMR texts.
=020  \\$a0201627264
=020  \\$a9780201627268
=100  1\$aFukushima, Eiichi.
=700  1\$aRoeder, Stephen B. W.
=080  \\$a537.635:539.143.43
=650  \0$aNuclear magnetic resonance, Pulsed.
=650  \7$aResonancia magnética nuclear.$2inist
=040  \\$aDLC$cDLC$dDLC$bspa$darbccab
=856  41$uhttps://images-na.ssl-images-amazon.com/images/I/41NucezUfXL.%5FSX331%5FBO1,204,203,200%5F.jpg$3Tapa
=856  41$uhttp://campi.cab.cnea.gov.ar/tocs/23772.pdf$3Indice
=005  20190313104352.0
=003  AR-BCCAB
=942  \\$cBK
=952  \\$2udc$aARBCCAB$bARBCCAB$i10475$o537.635:539.143.43 F955$p10475$yBK
=952  \\$2udc$aARBCCAB$bARBCCAB$i10552$o537.635:539.143.43 F955 Ej.2$p10552$yBK
=952  \\$2udc$aARBCCAB$bARBCCAB$d20190313$eNuñez Alfredo$g$i23772$o537.635:539.143.43 F955 Ej.3$p23772$yBK$zEsta obra pertenece a la editorial Westview Press
