=LDR  00000pam##2200000#a#4500

=001  001571
=008  810911s1982####enkd###f#b####001#0#eng##
=245  10$aIntroduction to dynamics /$cIan Percival, Derek Richards.
=260  \\$aCambridge :$bCambridge University Press,$c1982.
=300  \\$a228 p. :$bil. ;$c24 cm.
=500  \\$aIncluye índice.
=520  \\$aIn this book, the subject of dynamics is introduced at undergraduate level through the elementary qualitative theory of differential equations, the geometry of phase curves and the theory of stability. The text is supplemented with over a hundred exercises. It will be of interest to undergraduates studying science and engineering courses, graduates and research workers in such fields as plasma, atomic, particle and molecular physics, astronomy and theoretical ecology.
=020  \\$a0521236800
=020  \\$a0521281490 (pbk.)
=100  1\$aPercival, Ian,$d1931-
=700  1\$aRichards, Derek.
=080  \\$a531.3
=650  \0$aDifferentiable dynamical systems
=650  \0$aHamiltonian systems
=650  \7$aDynamics$2inist
=650  \7$aDifferential equations$2inist
=650  \7$aDinámica$2inist
=650  \7$aEcuaciones diferenciales$2inist
=690  \\$aIngeniería mecánica$bMecánica racional
=690  \\$aIngeniería nuclear$bMecánica racional
=690  \\$aLicenciatura en Física$bMecánica.
=690  \\$aMaestría en Ciencias Físicas$bMecánica
=040  \\$aDLC$cDLC$dDLC$bspa$darbccab
=856  41$uhttps://images-na.ssl-images-amazon.com/images/I/41l7WgUyAXL.%5FSX330%5FBO1,204,203,200%5F.jpg$3Tapa
=856  41$uhttp://campi.cab.cnea.gov.ar/tocs/23221.pdf$3Indice
=005  20171116160304.0
=003  AR-BCCAB
=082  00$a515.3/5$219
=942  \\$cBK
=952  \\$2udc$aARBCCAB$bARBCCAB$i11720$o531.3 P412$p11720$yBK
=952  \\$2udc$aARBCCAB$bARBCCAB$i11809$o531.3 P412 Ej.2$p11809$yBK
=952  \\$2udc$aARBCCAB$bARBCCAB$d20161125$eCiencia y Técnica$g$i23221$o531.3 P412 Ej.3$p23221$yBK
=952  \\$2udc$aARBCCAB$bARBCCAB$d2017-11-07$g$i23521$o531.3 P412 Ej.4$p23521$yBK
