=LDR  00000pam##2200000#a#4500

=001  001947
=008  890511s1990####nyu####f#b####001#0#eng##
=245  10$aViscous flow /$cFrederick S. Sherman.
=260  \\$aNew York :$bMcGraw-Hill,$cc1990.
=300  \\$axxi, 746 p. ;$c24 cm.
=504  \\$aIncluye referencias bibliográficas e índices.
=490  1\$aMcGraw-Hill series in mechanical engineering
=520  \\$aAn undergraduate level text aiming to provide a comprehensive treatment of viscous flow required for courses in mechanical and aeronautical engineering curricula. The presentation concentrates on the most recent theoretical developments as well as computational analysis of fluid flows.
=020  \\$a0070565791
=100  1\$aSherman, Frederick S.,$d1928-
=080  \\$a532.5
=650  \7$aFluid flow$2inist
=650  \7$aFlujo de fluídos.$2inist
=650  \7$aViscous flow$2inist
=650  \7$aCorriente viscosa.$2inist
=650  \0$aFluid dynamics.
=650  \0$aViscous flow.
=040  \\$aDLC$cDLC$dDLC$bspa$darbccab
=856  31$uhttp://campi.cab.cnea.gov.ar/tocs/tapas/23641.jpg$3Tapa
=856  31$uhttp://campi.cab.cnea.gov.ar/tocs/23641.pdf$3Indice
=005  20180615150204.0
=003  AR-BCCAB
=082  00$a620.1/064$220
=942  \\$cBK
=952  \\$1LOST$2udc$aARBCCAB$bARBCCAB$i15468$o532.5 S51$p15468$yBK
=952  \\$2udc$aARBCCAB$bARBCCAB$d2018-06-06$i23641$o532.5 S51 Ej.2$p23641$yBK
