=LDR  00000pam##2200000#a#4500

=001  002066
=008  900205s1990####enkd###f#b####001#0#eng##
=245  14$aThe superfluid phases of helium 3 /$cDieter Vollhardt, Peter Wölfle.
=260  \\$aLondon :$bTaylor & Francis,$c1990.
=300  \\$axxvi, [627] p. :$bil. ;$c24 cm.
=504  \\$aIncluye referencias bibliográficas (p. 561-594).
=500  \\$aIncluye índices.
=520  \\$a"Any reader with a background in quantum mechanics and statistical physics will find the book accessible. . . . The writing style is fresh and lively." -- Robert B. Hallock, University of Massachusetts This edition of a classic of modern theoretical physics is a corrected reprint of the original 1990 publication. It remains the only self-contained and comprehensive monograph on the superfluid phases of Helium 3. Not only is superfluid Helium 3 one of the most fascinating of all condensed matter systems but it has also helped to shape and to test many important new ideas in modern theoretical physics. The self-contained treatment begins with a thorough but elementary discussion of the properties of superfluid Helium 3 and related fundamental ideas. The authors subsequently develop the concepts and results of the theory in all its aspects. Experienced researchers and graduate students alike will find this unique volume valuable and stimulating, whether working in this field or applying these concepts and methods to other systems. Supplements include an extensive reference list containing more than 1,300 entries and a new Preface in which the authors discuss the most important developments in this field during the last two decades. "Will automatically become the standard text on superfluid helium-3. Given its thoroughness, wide coverage, and excellent quality, it also appears very likely to maintain this position for many years into the future." -- P. V. E. McClintock, Lancaster University
=020  \\$a0850664128
=020  \\$a9780486486314
=020  \\$a0486486311
=700  1\$aVollhardt, Dieter.
=700  1\$aWölfle, Peter.,$d1942-
=740  0\$aSuperfluid phases of helium three.
=080  \\$a538.94
=650  \7$aHelium$2inist
=650  \7$aIsotopes$2inist
=650  \7$aHelio$2inist
=650  \7$aIsótopos$2inist
=653  \\$aLiquid helium
=653  \\$aSuperfluidity
=653  \\$aHelio líquido
=653  \\$aSuperfluidez
=040  \\$aDLC$cDLC$dDLC$bspa$darbccab
=856  41$uhttps://images-na.ssl-images-amazon.com/images/I/5170LGM%2Bu2L.%5FSX331%5FBO1,204,203,200%5F.jpg$3Tapa
=856  41$uhttp://campi.cab.cnea.gov.ar/tocs/23673.pdf$3Indice
=005  20181212152617.0
=003  AR-BCCAB
=942  \\$cBK
=952  \\$2udc$aARBCCAB$bARBCCAB$d20181212$i15612$o538.94 V883$p15612$yBK
=952  \\$2udc$aARBCCAB$bARBCCAB$d20181212$i23673$o538.94 V883 Ej.2$p23673$yBK
