=LDR  00000pam##2200000#a#4500

=001  002464
=008  931124s1995####enkd###f#b####001#0#eng##
=245  10$aPrinciples of condensed matter physics /$cP.M. Chaikin, T.C. Lubensky.
=260  \\$aCambridge :$bCambridge University Press,$cc1995.
=300  \\$axx, 699 p. :$bil. ;$c26 cm.
=504  \\$aIncluye referencias bibliográficas e índice.
=520  \\$aNow in paperback, this book provides an overview of the physics of condensed matter systems. Assuming a familiarity with the basics of quantum mechanics and statistical mechanics, the book establishes a general framework for describing condensed phases of matter based on symmetries and conservation laws. After surveying the structure and properties of materials with different symmetries, it explores the role of spatial dimensionality and microscopic interactions in determining the nature of phase transitions. Particular attention is given to critical phenomena and renormalization group methods. The properties of liquids, liquid crystals, quasicrystals, crystalline solids, magnetically ordered systems and amorphous solids are investigated in terms of their symmetry, generalized rigidity, hydrodynamics and topological defect structure. In addition to serving as a course text, this book is an essential reference for students and researchers in physics, applied physics, chemistry, materials science and engineering, who are interested in modern condensed matter physics.
=020  \\$a0521432243
=020  \\$a9780521432245
=020  \\$a9780521794503
=100  1\$aChaikin, Paul M.
=700  1\$aLubensky, T. C.
=080  \\$a538.9
=650  \0$aCondensed matter
=653  \\$aMateria condensada
=040  \\$aDLC$cDLC$dDLC$bspa$darbccab
=856  41$uhttps://images-na.ssl-images-amazon.com/images/I/41CPEJKARDL.%5FSX326%5FBO1,204,203,200%5F.jpg$3Tapa
=856  41$uhttp://campi.cab.cnea.gov.ar/tocs/23210.pdf$3Indice
=005  20190507085844.0
=003  AR-BCCAB
=942  \\$cBK
=952  \\$2udc$aARBCCAB$bARBCCAB$i15864$o538.9 Ch868$p15864$yBK
=952  \\$2udc$aARBCCAB$bARBCCAB$i23210$o538.9 Ch868 Ej.2$p23210$yBK
=952  \\$2udc$aARBCCAB$bARBCCAB$d2019-02-11$eEdiciones Journal$g$i23800$o538.9 Ch868 Ej.3$p23800$yBK
