=LDR  00000cam##2200000#a#4500

=001  002552
=008  940929s1995####nyud###f#b####001#0#eng##
=245  10$aFractal concepts in surface growth /$cAlbert-Lászlo Barabási, H. Eugene Stanley.
=260  \\$aNew York, NY, USA :$bPress Syndicate of the University of Cambridge,$cc1995.
=300  \\$axx, 366 p. :$bil. ;$c26 cm.
=504  \\$aIncluye referencias bibliográficas (p. [332]-358) e índice.
=520  \\$aThis book brings together two of the most exciting and widely studied subjects in modern physics: namely fractals and surfaces. To the community interested in the study of surfaces and interfaces, it brings the concept of fractals. To the community interested in the exciting field of fractals and their application, it demonstrates how these concepts may be used in the study of surfaces. The authors cover, in simple terms, the various methods and theories developed over the past ten years to study surface growth. They describe how one can use fractal concepts successfully to describe and predict the morphology resulting from various growth processes. Consequently, this book will appeal to physicists working in condensed matter physics and statistical mechanics, with an interest in fractals and their application. The first chapter of this important new text is available on the Cambridge Worldwide Web server: http://www.cup.cam.ac.uk/onlinepubs/Textbooks/textbookstop.html
=020  \\$a0521483182 (pbk.)
=100  1\$aBarabási, Albert-László.
=700  1\$aStanley, H. Eugene$q(Harry Eugene),$d1941-
=080  \\$a538.971
=650  \0$aSurfaces (Physics)
=650  \0$aInterfaces (Physical sciences)
=650  \0$aCrystal growth.
=650  \0$aMolecular beam epitaxy.
=650  \0$aFractals.
=650  \7$aFractales.$2inist
=650  \7$aEpitaxia haz molecular.$2inist
=650  \7$aCrecimiento de cristales.$2inist
=650  \7$aInterfases.$2inist
=650  \7$aSuperficies.$2inist
=690  \\$aLic. en Física
=040  \\$aDLC$cDLC$dDLC$bspa$darbccab
=856  41$uhttps://images-na.ssl-images-amazon.com/images/I/51DT5MM9ZUL.%5FSX382%5FBO1,204,203,200%5F.jpg$3Tapa
=856  41$uhttp://campi.cab.cnea.gov.ar/tocs/23830.pdf$3Indice
=005  20190507085659.0
=003  AR-BCCAB
=942  \\$cBK
=952  \\$2udc$aARBCCAB$bARBCCAB$i16016$o538.971 B23$p16016$yBK
=952  \\$2udc$aARBCCAB$bARBCCAB$d2019-02-11$eEdiciones Journal$g$i23830$o538.971 B23 Ej.2$p23830$yBK
