=LDR  00000pam##2200000#a#4500

=001  002708
=008  800219s1981####njud###f#b####001#0#eng##
=245  10$aIntroduction to electrodynamics /$cDavid J. Griffiths.
=260  \\$aEnglewood Cliffs, N.J. :$bPrentice-Hall,$c1981.
=300  \\$ax, 479 p. :$bil. ;$c24 cm.
=500  \\$aIncluye índice.
=520  \\$aThis Value Pack consists of Introduction Finite Element Method, 1/e by Ottosen (ISBN: 9780134738772)and value-added component Introduction to Electrodynamics: International Edition, 3/e by Griffiths (ISBN: 9780139199608)
=020  \\$a013481374X
=100  1\$aGriffiths, David J.$q(David Jeffery),$d1942-
=080  \\$a537.8
=650  \7$aElectrodynamics$2inist
=650  \7$aElectrodinámica$2inist
=040  \\$aDLC$cDLC$dDLC$bspa$darbccab
=856  41$uhttps://images-na.ssl-images-amazon.com/images/I/51x82c7hevL.%5FSX364%5FBO1,204,203,200%5F.jpg$yTapa
=856  41$uhttp://campi.cab.cnea.gov.ar/tocs/23195.pdf$yIndice
=005  20161027140552.0
=003  AR-BCCAB
=082  00$a537.6
=942  \\$cBK
=952  \\$2udc$aARBCCAB$bARBCCAB$i9073$o537.8 G875$p9073$yBK
=952  \\$2udc$aARBCCAB$bARBCCAB$i10319$o537.8 G875 Ej.2$p10319$yBK
=952  \\$2udc$aARBCCAB$bARBCCAB$i23195$o537.8 G875 Ej.3$p23195$yBK
