=LDR  00000pam##2200000#a#4500

=001  002868
=008  841113s1962####maua###f######000#0#eng##
=245  10$aGroup theory and its application to physical problems /$cM. Hamermesh.
=260  \\$aReading, Mass. :$bAddison-Wesley Pub. Co.,$c1962.
=300  \\$a509 p. :$bil. ;$c24 cm.
=500  \\$a8 Ejs. (Ejemplar 2 PERDIDO).
=504  \\$aIncluye referencias bibliográficas.
=490  0\$aAddison-Wesley series in physics
=520  \\$a"A remarkably intelligible survey . . . well organized, well written and very clear throughout." -- Mathematical Reviews This excellent text, long considered one of the best-written, most skillful expositions of group theory and its physical applications, is directed primarily to advanced undergraduate and graduate students in physics, especially quantum physics. No knowledge of group theory is assumed, but the reader is expected to be familiar with quantum mechanics. And while much of the book concerns theory, readers will nevertheless find a large number of physical applications in the fields of crystallography, molecular theory, and atomic and nuclear physics. The first seven chapters of the book are concerned with finite groups, focusing on the central role of the symmetric group. This section concludes with a chapter dealing with the problem of determining group characters, as it discusses Young tableaux, Yamanouchi symbols, and the method of Hund. The remaining five chapters discuss continuous groups, particularly Lie groups, with the final chapter devoted to the ray representation of Lie groups. The author, Professor Emeritus of Physics at the University of Minnesota, has included a generous selection of problems. They are inserted throughout the text at the place where they naturally arise, making the book ideal for self-study as well as for classroom assignment.. "A very welcome addition to [the] literature. . . . I would warmly recommend the book to all serious students of Group Theory as applied to Physics." -- Contemporary Physics.
=100  1\$aHamermesh, M.$q(Morton),$d1915-2003.
=080  \\$a512.54
=650  \0$aGroup theory.
=650  \7$aTeoría de conjuntos.$2inist
=040  \\$aDLC/ICU$cICU$dDLC$bspa$darbccab
=856  41$uhttps://images-na.ssl-images-amazon.com/images/I/41QVeZUwhsL.%5FSX312%5FBO1,204,203,200%5F.jpg$3Tapa
=856  41$uhttp://campi.cab.cnea.gov.ar/tocs/23321.pdf$3Indice
=005  20170705152125.0
=003  AR-BCCAB
=942  \\$cBK
=952  \\$2udc$aARBCCAB$bARBCCAB$i6695$o512.54 H179$p6695$yBK
=952  \\$2udc$aARBCCAB$bARBCCAB$i10472$o512.54 H179 Ej.3$p10472$yBK
=952  \\$2udc$aARBCCAB$bARBCCAB$i10473$o512.54 H179 Ej.4$p10473$yBK
=952  \\$2udc$aARBCCAB$bARBCCAB$i10539$o512.54 H179 Ej.5$p10539$yBK
=952  \\$2udc$aARBCCAB$bARBCCAB$i10540$o512.54 H179 Ej.6$p10540$yBK
=952  \\$2udc$aARBCCAB$bARBCCAB$i10541$o512.54 H179 Ej.7$p10541$yBK
=952  \\$2udc$aARBCCAB$bARBCCAB$i23321$o512.54 H179 Ej.8$p23321$yBK
