=LDR  00000cam##22000001a#4500

=001  002930
=008  700312s1970####nyud###f#b####001#0#eng##
=245  10$aSolid state theory /$cWalter A. Harrison.
=260  \\$aNew York :$bMcGraw-Hill,$c1970.
=300  \\$axviii, 554 p. ;$c23 cm.
=504  \\$aIncluye referencias bibliográficas.
=520  \\$a"A well-written text . . . should find a wide readership, especially among graduate students." -- Dr. J. I. Pankove, RCA. The field of solid state theory, including crystallography, semi-conductor physics, and various applications in chemistry and electrical engineering, is highly relevant to many areas of modern science and industry. Professor Harrison's well-known text offers an excellent one-year graduate course in this active and important area of research. While presenting a broad overview of the fundamental concepts and methods of solid state physics, including the basic quantum theory of solids, it surpasses more theoretical treatments in its practical coverage of physical applications. This feature makes the book especially useful to specialists in other fields who many encounter solid state problems in their own work. At least one year of quantum mechanics is required; however, the author introduces more advanced methods as needed. Because virtually all of the properties of solids are determined by the valence electrons, the author devotes the first third of the book to electron states, including solid types and symmetry, band structure, electron dynamics, the self-consistent-field approximation, energy-band calculations, semi-conductor and semi-metal bands, impurity states, the electronic structure of liquids, and other topics. Dr. Harrison then turns to a more systematic treatment of the electronic properties of solids, focusing on thermodynamic properties, transport properties (including the Boltzmann equation), semi-conductor systems, screening, optical properties, the Landau theory of Fermi liquids, and amorphous semi-conductors. In the final two chapters, Professor Harrison offers a cogent treatment of lattice vibrations and atomic properties and cooperative phenomena (magnetism and superconductivity). In addition to traditional background information, the book features penetrating discussions of such currently active problems as the Mott transition, the electronic structure of disordered systems, tunneling the Kondo effect, and fluctuation near critical points. In an important sense, the entire text constitutes a major vehicle for the clarification of quantum mechanics, resulting from, among other factors, a comparison of the semi-classical (Boltzmann equation) treatment of screening and the corresponding quantum (Liouville equation) treatment.
=490  0\$aInternational series in pure and applied physics
=020  \\$a0486639487
=100  1\$aHarrison, Walter A.$q(Walter Ashley),$d1930-
=080  \\$a539.2
=650  \7$aSolid state physics.$2inist
=650  \7$aFísica del estado sólido.$2inist
=040  \\$aDLC$cDLC$dDLC$bspa$darbccab
=856  41$uhttps://images-na.ssl-images-amazon.com/images/I/51JrvpNV4VL.%5FSX331%5FBO1,204,203,200%5F.jpg$yTapa
=856  41$uhttp://campi.cab.cnea.gov.ar/tocs/23181.pdf$yIndice
=005  20161125115741.0
=003  AR-BCCAB
=942  \\$cBK
=952  \\$2udc$aARBCCAB$bARBCCAB$i6634$o539.2 H248$p6634$yBK
=952  \\$2udc$aARBCCAB$bARBCCAB$e23181 Donación del Dr. Francisco de la Cruz$i23181$o539.2 H248 Ej.2$p23181$yBK$zEj.2 1979
