=LDR  00000cam##2200000#a#4500

=001  003291
=008  780227s1979####enkd###f#b####001#0#eng##
=245  10$aModels of disorder :$bthe theoretical physics of homogeneously disordered systems /$cJ. M. Ziman.
=260  \\$aCambridge [Eng.] ;$aNew York :$bCambridge University Press,$c1979.
=300  \\$axiii, 525 p. :$bil. ;$c24 cm.
=504  \\$aIncluye referencias bibliográficas (p. [492]-510) e índice.
=500  \\$aIncluye índice.
=520  \\$aOriginally published in 1979, this book discusses how the physical and chemical properties of disordered systems such as liquids, glasses, alloys, amorphous semiconductors, polymer solutions and magnetic materials can be explained by theories based on a variety of mathematical models, including random assemblies of hard spheres, tetrahedrally-bonded networks and lattices of 'spins'. The text describes these models and the various mathematical theories by which the observable properties are derived. Techniques and concepts such as the mean field and coherent approximations, graphical summation, percolation, scaling and the renormalisation group are explained and applied. This book will be of value to anyone with an interest in theoretical and experimental physics.
=020  \\$a0521217849
=020  \\$a0521292808 (pbk.)
=100  1\$aZiman, J. M.$q(John M.),$d1925-
=650  \0$aOrder-disorder models.
=650  \7$aModelo orden-desorden$2inist
=040  \\$aDLC$cDLC$dDLC$bspa$darbccab
=856  41$uhttp://campi.cab.cnea.gov.ar/tocs/23544.pdf$3Indice
=005  20180228111301.0
=003  AR-BCCAB
=942  \\$cBK
=952  \\$2udc$aARBCCAB$bARBCCAB$i7249$o539.213 Z66$p7249$yBK
=952  \\$2udc$aARBCCAB$bARBCCAB$d2018-02-08$i23544$o539.213 Z66 Ej.2$p23544$yBK
