=LDR  00000cam##2200000#a#4500

=008  020416s1993####caua###c######000#0#eng##
=245  10$aExploratorium cookbook III :$ba construction manual for Exploratorium exhibits /$cby Ron Hipschman.
=250  \\$aRev. ed.
=260  \\$aSan Francisco, CA :$bExploratorium,$c1993.
=300  \\$a1 v. (various pagings) :$bil. ;$c28 cm.
=520  \\$aDirections for creating science exhibits which demonstrate scientific principles in such areas as mechanics, electricity, stereoscopic vision, sound, heat, and light.
=020  \\$a0943451388
=100  1\$aHipschman, Ron.
=710  2\$aExploratorium (Organization)
=246  3\$aExploratorium cookbook 3
=650  \0$aScience$xExperiments$vJuvenile literature.
=650  \7$aCiencia$xExperimentos$xLiteratura juvenil.$2lemb
=650  \0$aScience$xExhibitions$vJuvenile literature.
=650  \7$aCiencia$xExposiciones$xLiteratura juvenil.$2lemb
=650  \0$aMuseum techniques$vJuvenile literature.
=650  \0$aExploratorium (Organization)$vJuvenile literature.
=005  20061219123441.0
=001  003453
=040  \\$aDLC$cDLC$dDLC$bspa$darbccab
=500  \\$aContains "recipes" numbered 135-201.
=003  AR-BCCAB
=082  00$a507/.8$221
=942  \\$cBK
=952  \\$2udc$aARBCCAB$bARBCCAB$i17076$o5:3[021] B834 T.3$p17076$yBK
