=LDR  00000cam##2200000#a#4500

=001  003740
=008  880303s2000####nju####f######001#0#eng##
=245  14$aThe C programming language /$cBrian W. Kernighan, Dennis M. Ritchie.
=250  \\$a2nd ed.
=260  \\$aEnglewood Cliffs, N.J. :$bPrentice Hall,$cc1988, 2000.
=300  \\$axii, 272 p. ;$c25 cm.
=500  \\$aIncluye índice.
=520  \\$aThe authors present the complete guide to ANSI standard C language programming. Written by the developers of C, this new version helps readers keep up with the finalized ANSI standard for C while showing how to take advantage of C's rich set of operators, economy of expression, improved control flow, and data structures. The 2/E has been completely rewritten with additional examples and problem sets to clarify the implementation of difficult language constructs. For years, C programmers have let K&R guide them to building well-structured and efficient programs. Now this same help is available to those working with ANSI compilers. Includes detailed coverage of the C language plus the official C language reference manual for at-a-glance help with syntax notation, declarations, ANSI changes, scope rules, and the list goes on and on.
=020  \\$a0131103628 (pbk.)
=020  \\$a8120305965
=100  1\$aKernighan, Brian W.
=700  1\$aRitchie, Dennis M.,$d1941-
=650  \0$aC (Computer program language)
=650  \7$aLenguajes de programación$2inist
=690  \\$aIngeniería en Telecomunicaciones$bIntroducción al cómputo
=690  \\$aIngeniería mecánica$bIntroducción al cómputo
=690  \\$aIngeniería nuclear$bIntroducción al cómputo
=690  \\$aLicenciatura en Física$bIntroducción al cómputo
=040  \\$aDLC$darbccab$cDLC$dDLC$bspa$darbccab
=856  41$uhttp://campi.cab.cnea.gov.ar/tocs/23467.pdf$3Indice
=856  41$uhttps://images-na.ssl-images-amazon.com/images/I/41qX6YdIJ7L.%5FSX379%5FBO1,204,203,200%5F.jpg$3Tapa
=005  20170825150144.0
=003  AR-BCCAB
=942  \\$cBK
=952  \\$2udc$aARBCCAB$bARBCCAB$i15048$o681.3:519.682 K459 L i Ed.2 Ej.2$p15048$yBK
=952  \\$2udc$aARBCCAB$bARBCCAB$d2009-02-13$i20798$o681.3:519.682 K459 L i Ed.2 Ej.3$p20798$yBK
=952  \\$2udc$aARBCCAB$bARBCCAB$d2013-02-13$i22401$o681.3:519.682 K459 L i Ed.2 Ej.4$p22401$yBK
=952  \\$2udc$aARBCCAB$bARBCCAB$d20170825$i23467$o681.3:519.682 K459 L i Ed.2 Ej.5$p23467$yBK
