=LDR  00000pam##2200000#a#4500

=008  910926s1991####cau########b#############
=245  10$aCalculus & Mathematica.$pPart 1, Preliminary edition$h[computer file] /$cD. Brown, J.J. Uhl, H. Porta.
=256  \\$aComputer program.
=260  \\$aRedwood City, Calif. :$bAddison-Wesley Pub. Co.,$c1991.
=300  \\$a6 computer disks ;$c3 1/2 in. +$e2 manuals.
=538  \\$aSystem requirements: PC; hard disk; mouse.
=520  \\$aUsing the medium of the Mathematica notebooks, helps students explore and discover calculus concepts by exposing them to real data and real problems. Contains thirty lesson units covering the first two terms of calculus. The manuals support the courseware by allowing students to review the printed problems when they are not working on the computer.
=020  \\$a0201572737 (disk 1)
=020  \\$a0201572745 (disk 2)
=020  \\$a0201572753 (disk 3)
=020  \\$a0201572761 (disk 4)
=020  \\$a020157277X (disk 5)
=020  \\$a0201572788 (disk 6)
=020  \\$a0201572710 (Give it a try manual)
=020  \\$a0201572702 (Basics, tutorials manual)
=100  1\$aBrown, Donald P.
=700  1\$aUhl, J. J.$q(J. Jerry)
=700  1\$aPorta, Horacio.
=730  0\$aMathematica (Computer file)
=740  0\$aCalculus and Mathematica.$pPreliminary edition.
=753  \\$aPC
=650  \0$aCalculus$xStudy and teaching$xSoftware.
=650  \7$aMatemáticas$2inist
=650  \7$aCódigos para ordenadores$2inist
=650  \7$aCálculo$xEnseñanza.$2lemb
=041  0\$geng
=005  20061227090156.0
=001  003839
=040  \\$aDLC$cDLC$dDLC$bspa$darbccab
=500  \\$aIncluye diskettes en versión preliminar en poder de L. Rovere.
=500  \\$aAcompañado de manuales:"Give it a tray", 286 p. y "Basics, tutorials, and literacy sheets", 426 p.
=500  \\$aTitle from disk label.
=500  \\$aNames on container: Donald P. Brown, Horacio Porter, J. Jerry Uhl.
=500  \\$a"Final version ... scheduled for publication in 1992"--Manual.
=003  AR-BCCAB
=082  00$a515$212
=942  \\$cBK
=952  \\$2udc$aARBCCAB$bARBCCAB$i14263$o681.3:519.682 B813 g pt.1$p14263$yVM
=952  \\$2udc$aARBCCAB$bARBCCAB$i14262$o681.3:519.682 B813 g pt.1$p14262$yBK
