=LDR  00000cmm##2200000#a#4500

=001  003920
=008  840430s1985####enkd###f#b####001#0#eng##
=245  14$aThe theory of thermodynamics /$cJ. R. Waldram.
=260  \\$aCambridge [Cambridgeshire] ;$aNew York :$bCambridge University Press,$c1985.
=300  \\$axv, 336 p. :$bil. ;$c25 cm.
=504  \\$aIncluye referencias bibliográficas.
=500  \\$aIncluye índice.
=520  \\$aThis 1985 textbook presents the theory of thermodynamics in a highly interesting way. The presentation of the theory of heat is logical, compact and uncluttered, with an emphasis on the underlying physical model. Unlike other texts published at this time, in this approach the student adopts at the outset the master equation which describes the rate of scattering from one quantum state into another. This makes the link between thermodynamics and kinetics more obvious. Temperature and entropy are initially introduced as statistical concepts. Unlike most other treatments, this book has early sections on the Boltzmann distribution and classical thermodynamics, which may be used as a basis for first-year courses. The book also contains extensive graded exercises.
=020  \\$a0521287960 (pbk.)
=100  1\$aWaldram, J. R.
=080  \\$a536.7
=650  \7$aThermodynamics$2inist
=650  \7$aKinetics$2inist
=650  \7$aTermodinámica$2inist
=650  \7$aCinética$2inist
=653  \\$aTemperature
=653  \\$aTemperatura
=040  \\$aDLC$cDLC$dDLC$bspa$darbccab
=856  41$uhttps://images-na.ssl-images-amazon.com/images/I/41eBnQdi8uL.%5FSX347%5FBO1,204,203,200%5F.jpg$3Tapa
=856  41$uhttp://campi.cab.cnea.gov.ar/tocs/23180.pdf$3Indice
=005  20161025151356.0
=003  AR-BCCAB
=082  00$a536/.7$219
=942  \\$cBK
=952  \\$2udc$aARBCCAB$bARBCCAB$i14322$o536.7 W147$p14322$yBK
=952  \\$2udc$aARBCCAB$bARBCCAB$i23180$o536.7 W147 Ej.2$p23180$yBK
