=LDR  00000pam##2200000#a#4500

=001  004111
=007  cr_|||||||||||
=008  981028s2000####si#d#####b####001#0#eng##
=245  10$aStatistical physics :$bstatics, dynamics and renormalization /$cLeo P. Kadanoff.
=260  \\$aSingapore ;$aRiver Edge, N.J. :$bWorld Scientific,$cc2000.
=300  \\$axiii, 483 p. :$bil. ;$c27 cm.
=520  \\$aThe material presented in this invaluable textbook has been tested in two courses. One of these is a graduate-level survey of statistical physics; the other, a rather personal perspective on critical behavior. Thus, this book defines a progression starting at the book-learning part of graduate education and ending in the midst of topics at the research level. To supplement the research-level side the book includes some research papers. Several of these are classics in the field, including a suite of six works on self-organized criticality and complexity, a pair on diffusion-limited aggregation, some papers on correlations near critical points, a few of the basic sources on the development of the real-space renormalization group, and several papers on magnetic behavior in a plain geometry. In addition, the author has included a few of his own papers.
=530  \\$aAlso available as an electronic book via the World Wide Web to institutions affiliated with netLibrary, Inc.
=504  \\$aIncluye referencias bibliográficas e índice.
=500  \\$aAl ejemplar uno le flatan las paginas 68-69, 72-73, 76-77, 80-81.
=020  \\$a9810248202 (electronic bk.)
=020  \\$a9810237588
=100  1\$aKadanoff, Leo P.
=080  \\$a531.19
=650  \0$aStatistical physics
=650  \0$aScaling laws (Statistical physics)
=650  \0$aRenormalization (Physics)
=690  \\$aMaestría en Ciencias Físicas$bMecánica estadística
=010  \\$a###98043592#
=040  \\$aDLC$cDLC$dDLC$bspa$darbccab
=856  41$uhttps://images-na.ssl-images-amazon.com/images/I/51LCa1Z4UGL.%5FSX349%5FBO1,204,203,200%5F.jpg$3Tapa
=856  41$uhttp://campi.cab.cnea.gov.ar/tocs/23509.pdf$3Indice
=005  20171110114544.0
=003  AR-BCCAB
=082  00$a530.13$221
=942  \\$cBK
=952  \\$2udc$aARBCCAB$bARBCCAB$i18111$o531.19 K114 S$p18111$yBK
=952  \\$2udc$aARBCCAB$bARBCCAB$i18145$o531.19 K114 S Ej.2$p18145$yBK
=952  \\$2udc$aARBCCAB$bARBCCAB$d2017-10-05$g$i23509$o531.19 K114 S Ej.3$p23509$yBK
