=LDR  00000cam##2200000#a#4500

=001  004242
=008  980305s1998####gw#d###f#b####001#0#eng##
=245  10$aTunneling systems in amorphous and crystalline solids /$cPablo Esquinazi (ed.).
=260  \\$aBerlin ;$aNew York :$bSpringer,$cc1998.
=300  \\$axxiii, 600 p. :$bil. ;$c24 cm.
=500  \\$aEn el ejemplar 2 hay correcciones adjuntas al final del libro.
=504  \\$aIncluye referencias bibliográficas (p. [571]-591) e índice.
=500  \\$aIncluye índice.
=520  \\$aThis comprehensive book provides a full description of experimental and theoretical details and the latest theories. The expert contributions point out the direction research is currently taking, the expectations and implications, serving as useful introductory surveys.
=020  \\$a3540639608 (acid-free paper)
=020  \\$a9783540639602
=700  1\$aEsquinazi, Pablo.
=650  \7$aSolid state physics$2inist
=650  \7$aTunneling (Physics)$2inist
=650  \7$aPolycrystals$2inist
=650  \7$aFísica del estado sólido$2inist
=650  \7$aTunelización (Física)$2inist
=650  \7$aPolicristales$2inist
=010  \\$a###98006386#
=050  00$aQC176.8.T8$bT86 1998
=040  \\$aDLC$cDLC$dDLC$bspa$darbccab
=856  41$uhttps://images-na.ssl-images-amazon.com/images/I/51nzOk9M9OL.%5FSX327%5FBO1,204,203,200%5F.jpg$yTapa
=856  41$uhttp://campi.cab.cnea.gov.ar/tocs/23198.pdf$yIndice
=005  20161028110056.0
=003  AR-BCCAB
=082  00$a530.4/16$221
=942  \\$cBK
=952  \\$2udc$aARBCCAB$bARBCCAB$i18301$o539.2 E69$p18301$yBK
=952  \\$2udc$aARBCCAB$bARBCCAB$i23198$o539.2 E69 Ej.2$p23198$yBK
