=LDR  00000pam##2200000#a#4500

=001  005482
=008  770315s1977####enka###f######001#0#eng##
=245  10$aIllustrating BASIC, a simple programming language /$cDonald Alcock.
=260  \\$aCambridge [Eng.] ;$aNew York :$bCambridge University Press,$cc1977.
=300  \\$aix, 134 p. :$bil. ;$c21 cm.
=520  \\$aPresenta un lenguaje de programación llamado BASIC y explica como escribir programas simples utilizandolo.
=500  \\$aIncluye índice.
=500  \\$aEn depósito.
=020  \\$a0521217040$bpbk.
=100  1\$aAlcock, Donald,$d1930-
=650  \1$aBASIC (Computer program language)
=650  \1$aProgramming languages
=650  \7$aLenguajes de programación$2inist
=650  \7$aOrdenadores$2inist
=040  \\$aDLC$cDLC$dDLC$bspa$darbccab
=005  20110915154417.0
=856  42$3Reseña$uhttp://www.loc.gov/catdir/description/cam041/77004154.html41
=856  42$3Indice$uhttp://www.loc.gov/catdir/tocs/cam041/77004154.html
=003  AR-BCCAB
=942  \\$cBK
=952  \\$2udc$aARBCCAB$bARBCCAB$i8378$o681.3:519.682 A18$p8378$yBK
