=LDR  00000cam##2200000#a#4500

=001  005568
=008  811214s1983####ilud###f#b####001#0#eng##
=245  14$aThe physics of radiology /$cHarold Elford Johns and John Robert Cunningham.
=250  \\$a4th ed.
=260  \\$aSpringfield, Ill., U.S.A. :$bCharles C. Thomas,$cc1983.
=300  \\$axix, 796 p. :$bil. ;$c26 cm.
=504  \\$aIncluye bibliografía (p. 760-778) e índice.
=500  \\$aFirst published in 1953 under title: The physics of radiation therapy.
=520  \\$aAlthough it follows the topical outline that proved so successful in its earlier editions, the Fourth Edition of this respected book encompasses all of the advances and changes that have been made since last it was revised. It not only presents new ideas and information, it shifts its emphases to accurately reflect the inevitably changing perspectives in the field engendered by progress in the understanding of radiological physics.
=020  \\$a9780398046699
=100  1\$aJohns, Harold Elford.
=700  1\$aCunningham, John Robert.
=080  \\$a61
=650  \0$aRadiology
=650  \2$aHealth physics
=650  \7$aRadiology$2inist
=650  \7$aHealth physics$2inist
=650  \7$aRadiología$2inist
=650  \7$aFísica sanitaria$2inist
=653  \\$aRadiological physics
=653  \\$aFísica radiológica
=010  \\$a###81021396#
=040  \\$aDLC$cDLC$dDLC$bspa$darbccab
=856  41$3Tapa$uhttps://images-na.ssl-images-amazon.com/images/I/41jeVxHnL-L.%5FSX316%5FBO1,204,203,200%5F.jpg
=856  41$3Indice$uhttp://campi.cab.cnea.gov.ar/tocs/23534.pdf
=005  20180301130805.0
=003  AR-BCCAB
=942  \\$cBK
=952  \\$2udc$aARBCCAB$bARBCCAB$d20180301$i12046$o61 J622 Ed.4$p12046$yBK
=952  \\$2udc$aARBCCAB$bARBCCAB$d2017-11-30$g$i23534$o61 J622 Ed.4 Ej.2$p23534$yBK
