=LDR  00000pam##2200000#a#4500

=001  005890
=008  780509s1980####enkd###f#b####001#0#eng##
=245  10$aStatistical physics :$bVolume 5 of Course of Theoretical Physics : Part. 1 /$cby L.D. Landau and E.M. Lifshitz ; translated from the Russian by J.B. Sykes and M.J. Kearsley.
=250  \\$a3a ed. rev. enl.
=260  \\$aOxford :$bPergamon Press,$c1980.
=300  \\$a544 p. :$bil. ;$c25 cm.
=490  1\$aCourse of theoretical physics ;$vv. 5 part. 1
=546  \\$aTraducido del ruso.
=500  \\$a7 ej.
=500  \\$aIncluye índice.
=520  \\$aA lucid presentation of statistical physics and thermodynamics which develops from the general principles to give a large number of applications of the theory.
=020  \\$a0080230393
=100  1\$aLandau, L. D.$q(Lev Davidovich),$d1908-1968.
=700  1\$aLifshitz, E. M.$q(Evgeniæi Mikhaæilovich)
=700  1\$aPitaevskii, L. P.$q(Lev Petrovich)
=800  1\$aLandau, L. D.$q(Lev Davidovich),$d1908-1968.$tCourse of theoretical physics$vv. 5 part. 1
=080  \\$a53
=650  \0$aStatistical physics.
=041  1\$aeng$hrus
=040  \\$aDLC$cDLC$dDLC$bspa$darbccab
=856  41$uhttps://images-na.ssl-images-amazon.com/images/I/51BeyhRix1L.%5FSX344%5FBO1,204,203,200%5F.jpg$3Tapa
=856  41$uhttp://campi.cab.cnea.gov.ar/tocs/23207Pt.1.pdf$3Indice Pt.1
=005  20161108101256.0
=003  AR-BCCAB
=942  \\$cBK
=952  \\$2udc$aARBCCAB$bARBCCAB$i10072$o53 L23 i v.5-1 Ed.3$p10072$yBK
=952  \\$2udc$aARBCCAB$bARBCCAB$i18951$o53 L23 i v.5-1 Ed.3 5$p18951$yBK
=952  \\$2udc$aARBCCAB$bARBCCAB$i10073$o53 L23 i v.5-1 Ed.3 Ej.2$p10073$yBK
=952  \\$2udc$aARBCCAB$bARBCCAB$i10263$o53 L23 i v.5-1 Ed.3 Ej.3$p10263$yBK
=952  \\$2udc$aARBCCAB$bARBCCAB$i10679$o53 L23 i v.5-1 Ed.3 Ej.4$p10679$yBK
=952  \\$2udc$aARBCCAB$bARBCCAB$d2010-03-05$eBlackwell$gU{dollar}S69.40$i21129$o53 L23 i v.5-1 Ed.3 Ej.6$p21129$yBK
=952  \\$2udc$aARBCCAB$bARBCCAB$i23207$o53 L23 i v.5-1 Ed.3 Ej.7$p23207$yBK
