=LDR  00000cam##2200000#a#4500

=245  10$aSolar energy :$ba course of lectures contributed in the 17th International Science School for High School Students sponsored by the Science Foundation for Physics within the University of Sydney, at the University of Sydney, August 26, September 6, 1974 /$cedited by H. Messel, S. T. Butler.
=250  \\$a1st ed., reprinted with corrections, 1975.
=260  \\$aOxford ;$aNew York :$bPergamon Press,$cc1975.
=300  \\$a340 p. :$bil. ;$c22 cm.
=520  \\$aNine lectures concerning specialized aspects of solar energy such as thermal conversion, the nature of solar energy, and heat transfer and storage.
=020  \\$a0080197817$bpbk.
=111  2\$aInternational Science School for High School Students$n(17th :$d1974 :$cUniversity of Sydney)
=700  1\$aMessel, H.$q(Harry),$d1922-
=700  1\$aButler, Stuart Thomas.
=710  2\$aUniversity of Sydney.$bScience Foundation for Physics.
=650  \0$aSolar energy.
=650  \1$aSolar energy.
=010  \\$a###75015144#
=050  00$aTJ810$b.I47 1974
=005  20060317102605.0
=504  \\$aIncluye referencias bibliográficas.
=008  760630r19751975enka#####b####101#0#eng##
=490  1\$aPergamon international library of science, technology, engineering, and social studies
=001  006349
=040  \\$aDLC$cDLC$dDLC$bspa$darbccab
=500  \\$aIncluye índice.
=003  AR-BCCAB
=082  00$a333.7
=942  \\$cBK
=952  \\$2udc$aARBCCAB$bARBCCAB$i2972$o621.47 M56$p2972$yBK
