=LDR  00000cam##2200000#a#4500

=008  920813s1959####dcu##########f000#0#eng#d
=245  10$aIndustrial Radioactive Waste Disposal. :$bhearings before the United States Joint Committee on Atomic Energy, Special Subcommittee on Radiation, Eighty-Sixth Congress, first session.
=260  \\$aWashington :$bU.S. G.P.O.,$c1959.
=300  \\$a5 V. ;$c24 cm.
=510  3\$aIndexed in CIS US Congressional Committee Hearings Index Part VII
=520  \\$aConsiders problems of radioactive waste disposal and the precautions, safeguards, and standards to ensure safe handling of these wastes. Includes numerous nongovernmental reports on the sources and types of radioactive wastes.
=086  \\$aY 4.At 7/2:R 11/3
=650  \0$aRadioactive waste disposal$zUnited States.
=650  \0$aRadioactivity$xSafety measures.
=049  \\$aAR5A
=005  20060505093558.0
=001  006815
=040  \\$aMNU$cMNU$bspa$darbccab
=500  \\$aRecord is based on bibliographic data in CIS US Congressional Committee Hearings Index. Reuse except for individual research requires license from Congressional Information Service, Inc.
=500  \\$aLa Biblioteca posee v.2.
=003  AR-BCCAB
=942  \\$cBK
=952  \\$2udc$aARBCCAB$bARBCCAB$i5273$o621.039.75:061.3 C76 1959 v.2$p5273$yBK
