=LDR  00000cam##2200000Ma#4500

=245  10$aFramework :$bLevel 2 : Student´s book /$cBen Goldstein.
=260  \\$aBuenos Aires :$bSantillana,$c2004.
=300  \\$a128 p. :$bil. col. +$eReference guide.
=520  \\$a"Framework is a multi-level English course for adults and young adults. It combines fresh, motivating topics with emphasis on authentic skill work and real english. Framework provides the new generation of World English Language learners with the tools to achieve true communicative competence."
=020  \\$a950461471X
=100  1\$aGoldstein, Ben.
=650  \0$aEnglish Language$xTextbook for foreign speakers
=008  060721s2004####ag#a##########000#0#eng#d
=005  20060721091520.0
=001  008086
=040  \\$aarbccab$bspa
=500  \\$aReference Guide includes Grammar reference, vocabulary reference, transcripts, keys and irregular verbs.
=003  AR-BCCAB
=942  \\$cBK
=952  \\$2udc$aARBCCAB$bARBCCAB$eUniv. Nac. de Cuyo [Fondos]$i19708$o[022]=20 G563 SB$p19708$yBK$zAcompañado de Reference Guide. Topográfico: [022]=20 G563 RG Inventario: 19722
=952  \\$2udc$aARBCCAB$bARBCCAB$eUniv. Nac. de Cuyo [Fondos]$i19709$o[022]=20 G563 SB Ej.2$p19709$yBK$zAcompañado de Reference Guide. 2 Inventario 19723
=952  \\$2udc$aARBCCAB$bARBCCAB$eUniv. Nac. de Cuyo [Fondos]$i19710$o[022]=20 G563 SB Ej.3$p19710$yBK$zAcompañado de Reference Guide. 3 Inventario 19724
=952  \\$2udc$aARBCCAB$bARBCCAB$eUniv. Nac. de Cuyo [Fondos]$i19711$o[022]=20 G563 SB Ej.4$p19711$yBK$zAcompañado de Reference Guide. 4 Inventario 19725
=952  \\$2udc$aARBCCAB$bARBCCAB$eUniv. Nac. de Cuyo [Fondos]$i19712$o[022]=20 G563 SB Ej.5$p19712$yBK$zAcompañado de Reference Guide. 5 Inventario 19726
=952  \\$2udc$aARBCCAB$bARBCCAB$eUniv. Nac. de Cuyo [Fondos]$i19713$o[022]=20 G563 SB Ej.6$p19713$yBK$zAcompañado de Reference Guide. 6 Inventario 19727
=952  \\$2udc$aARBCCAB$bARBCCAB$eUniv. Nac. de Cuyo [Fondos]$i19714$o[022]=20 G563 SB Ej.7$p19714$yBK$zAcompañado de Reference Guide. Ej.7 Inventario 19728
=952  \\$2udc$aARBCCAB$bARBCCAB$eUniv. Nac. de Cuyo [Fondos]$i19715$o[022]=20 G563 SB Ej.8$p19715$yBK$zAcompañado de Reference Guide. 8 Inventario 19729
=952  \\$2udc$aARBCCAB$bARBCCAB$eUniv. Nac. de Cuyo [Fondos]$i19716$o[022]=20 G563 SB Ej.9$p19716$yBK$zAcompañado de Reference Guide. Ej.9 Inventario 19730
=952  \\$2udc$aARBCCAB$bARBCCAB$eUniv. Nac. de Cuyo [Fondos]$i19717$o[022]=20 G563 SB Ej.10$p19717$yBK$zAcompañado de Reference Guide. 10. Inventario 19731
=952  \\$2udc$aARBCCAB$bARBCCAB$eUniv. Nac. de Cuyo [Fondos]$i19718$o[022]=20 G563 SB Ej.11$p19718$yBK$zAcompañado de Reference Guide. 11
=952  \\$2udc$aARBCCAB$bARBCCAB$i19719$o[022]=20 G563 SB Ej.12$p19719$yBK
=952  \\$2udc$aARBCCAB$bARBCCAB$eUniv. Nac. de Cuyo$i19720$o[022]=20 G563 SB 13 Ej.13$p19720$yBK$zAcompañado de Reference Guide. 13
=952  \\$2udc$aARBCCAB$bARBCCAB$eUniv. Nac. de Cuyo [Fondos]$i19721$o[022]=20 G563 SB Ej.14$p19721$yBK$zAcompañado de Reference Guide 14
