=LDR  00000nam##22000005a#4500

=008  970101s2000####xxu######bt##f100#0#eng#d
=245  10$aInternational Workshop on Glass and Ceramics, Hybrids and Nanocomposites from Gels (10th); Sol-Gel '97 : Yokohama, Japan : 19-24 Sept. 1999 /$cguest editor, Masayuki Yamane.
=260  \\$aBoston :$bSheffield University,$c2000.
=300  \\$a1004 p.
=504  \\$aIncluye referencias bibliográficas.
=520  \\$aThe primary objective of the Journal Of Sol-Gel Science and Technology is to provide an international forum for the dissemination of scientific and technical information and knowledge about sol-gel processed materials. The materials of interest include gels, gel-derived glasses and ceramics in bulk, fiber, film or powder form. Gel-processed composites of all types are also included. Optical, electronic, magnetic, mechanical, chemical, environmental and biomedical functions and applications of the resultant materials are of interest.
=111  2\$aInternational Workshop on Glass and Ceramics, Hybrids and Nanocomposites from Gels Sol-Gel '97$n(10th :$d1999 Sept. 19-24 :$cYokohama, Japan)
=700  1\$aYamane, Masayuki.
=080  \\$a666.1:061.3
=653  \\$aSol gel processes.
=653  \\$aFibers.
=653  \\$aSymposia.
=653  \\$aPowders.
=653  \\$aComposite materials.
=653  \\$aThin films.
=653  \\$aGlass.
=653  \\$aCeramic materials.
=653  \\$aGels.
=653  \\$aWorkshops.
=653  \\$aUnited kingdom.
=653  \\$aForeign reports.
=005  20060807102048.0
=490  1\$aJournal of Sol-Gel Science and Technology ;$vv. 19, nos. 1/3
=001  008259
=040  \\$aCAI$cCAI$dOCLCQ$bspa$darbccab
=003  AR-BCCAB
=942  \\$cBK
