=LDR  00000cam##2200000Ma#4500

=008  060808k19561963riu###########000#0#eng#d
=245  00$aAmerican Mathematical Society :$bTranslations.
=260  \\$aProvidence :$bAmerican Mathematical Society,$c1949-
=300  \\$a18 v.
=505  2\$a17 papers on Analysis / by Aizerman, M. A. -- En vol. 26. 18 papers on algebra / by Brudno, A. L. et al. -- En vol. 27. 16 papers on analysis / by Arnol´d, V. I. et al. -- En Vol. 28. 12 papers on logic and differential equations / by Gel´fand, I. M. et al. -- En vol. 29. 10 papers on topology / by Aleksandrov, P. S. et al. -- En vol. 30. 6 lectures deliver at the International Congress of Mathematics in Stockholm, 1962 / by Dynkin, E.B. et al. -- En vol. 31. 9 papers on differential equations, 2 on information theory / Andranov, A. A. -- vol. 33. 12 papers on analysis and appplied mathematics / by Berenzaskii, Ju. M. et al. -- En vol. 35
=504  \\$aIncluye referencias bibliográficas.
=520  \\$aTranslations of articles on mathematics appearing in various Russian mathematical serials.
=700  1\$aAizerman, M. A.$t17 papers on Analysis.
=700  1\$aBrudno, A. L.$t18 papers on algebra.
=700  1\$aArnold, V. I.$t16 papers on analysis.
=700  1\$aAndronov, A. A.$t9 papers on differential equations, 2 on information theory.
=080  \\$a51
=650  \0$aMathematics.
=041  1\$aeng$hrus
=005  20100331102101.0
=001  009472
=040  \\$aarbccab$bspa
=500  \\$aDescripción basada en vol. 2, Serie 2.
=500  \\$aEn depósito.
=500  \\$aVolumenes disponibles en la biblioteca: 80-105; Serie 2: vols. 1-9 y 26-35.
=003  AR-BCCAB
=942  \\$cBK
=952  \\$2udc$aARBCCAB$bARBCCAB$i5196$o51 A35 Vol.26 - Serie 2$p5196$yBK
=952  \\$2udc$aARBCCAB$bARBCCAB$i5197$o51 A35 Vol.27 - Serie 2$p5197$yBK
=952  \\$2udc$aARBCCAB$bARBCCAB$i5198$o51 A35 Vol.28 - Serie 2$p5198$yBK
=952  \\$2udc$aARBCCAB$bARBCCAB$i5199$o51 A35 Vol.29 - Serie 2$p5199$yBK
=952  \\$2udc$aARBCCAB$bARBCCAB$i5189$o51 A35 Vol.3 - Serie 2$p5189$yBK
=952  \\$2udc$aARBCCAB$bARBCCAB$i5200$o51 A35 Vol.30 - Serie 2$p5200$yBK
=952  \\$2udc$aARBCCAB$bARBCCAB$i5201$o51 A35 Vol.31 - Serie 2$p5201$yBK
=952  \\$2udc$aARBCCAB$bARBCCAB$i5203$o51 A35 Vol.33 - Serie 2$p5203$yBK
=952  \\$2udc$aARBCCAB$bARBCCAB$i5204$o51 A35 Vol.34 - Serie 2$p5204$yBK
=952  \\$2udc$aARBCCAB$bARBCCAB$i5205$o51 A35 Vol.35 - Serie 2$p5205$yBK
=952  \\$2udc$aARBCCAB$bARBCCAB$i5190$o51 A35 Vol.4 - Serie 2$p5190$yBK
=952  \\$2udc$aARBCCAB$bARBCCAB$i5191$o51 A35 Vol.5 - Serie 2$p5191$yBK
=952  \\$2udc$aARBCCAB$bARBCCAB$i5192$o51 A35 Vol.6 - Serie 2$p5192$yBK
=952  \\$2udc$aARBCCAB$bARBCCAB$i5193$o51 A35 Vol.7 - Serie 2$p5193$yBK
=952  \\$2udc$aARBCCAB$bARBCCAB$i5194$o51 A35 Vol.8 - Serie 2$p5194$yBK
=952  \\$2udc$aARBCCAB$bARBCCAB$i5195$o51 A35 Vol.9 - Serie 2$p5195$yBK
=952  \\$2udc$aARBCCAB$bARBCCAB$i5188$o51 A35 vol.2 - Serie 2$p5188$yBK
