=LDR  00000nam##22000005a#4500

=001  009489
=008  060808s1966####gw#ao####b####000#0#eng#d
=245  10$aAccurate lattice parameters and the LPC method :$ba critical investigation of the Debye-Scherrer method /$cBoom Geert.
=260  \\$aGroningen :$bDrukkerij van Denderen,$c1966.
=300  \\$a212 p. :$bil., fotos byn.
=520  \\$a"The work presented in this thesis ... presents an account of what has been done up to the moment...". --p. vii.
=504  \\$aIncluye referencias bibliográfias (p. 209-212).
=100  1\$aBoom, Geert.
=080  \\$a548.73
=040  \\$aarbccab$bspa
=005  20130121152817.0
=003  AR-BCCAB
=942  \\$cBK
=952  \\$2udc$aARBCCAB$bARBCCAB$i3016$o548.73 B64$p3016$yBK
