=LDR  00000nam##22000005a#4500

=245  10$aBoolean elements in Lukasiewicz Algebras I / by Roberto Cignoli. Boolean elements in Lukasiewicz Algebras II / by Roberto Cignoli and Antonio Monteiro. Sur les Algebres de Lukasiewicz Injectives /$cby Luiz Monteiro.
=246  1\$aBoolean elements in Lukasiewicz Algebras II
=246  1\$aSur les Algebres de Lukasiewicz Injectives
=260  \\$aBahia Blanca, Argentina :$bUniversidad Nacional del Sur. Instituto de Matemática,$c1974.
=520  \\$aSeparata de los artículos publicados en Proceedings of the Japan Academy, en la cual están corregidos los errores de impresión.
=100  1\$aCignoli, Roberto.
=700  1\$aMonteiro, Antonio.
=700  1\$aMonteiro, Luiz.
=080  \\$a512.5
=041  1\$aeng$bspa$bfre
=008  060810s1974####ag############000#0#eng#d
=005  20060810111759.0
=490  1\$aNotas de lógica matemática ;$vno. 23-25
=001  009585
=040  \\$aarbccab$bspa
=500  \\$aEn depósito.
=003  AR-BCCAB
=942  \\$cBK
=952  \\$2udc$aARBCCAB$bARBCCAB$i6555$o512.5 C488$p6555$yBK
