=LDR  00000nam##22000005a#4500

=008  820607s1986####nju########b#############
=245  00$aPracticing to take the GRE general test--no. 4.
=250  \\$aApple Macintosh software ed.
=256  \\$aComputer program.
=260  \\$aPrinceton, NJ :$bPublished by Educational Training Service for the Graduate Record Examinations Board,$cc1986.
=300  \\$a160 p.
=520  \\$aA computer-based test-familiarization system designed to help users prepare for the GRE general test. Contains sample questions, Mathlab for review of basic mathematical concepts, rationales for all questions in the three full-length GRE general tests, and analyses of strengths and weaknesses.
=505  0\$aMathelab and sample questions -- Form GRE86-1 -- Form GRE86-2 -- Form GRE86-3.
=020  \\$a0446384399 (guide book)
=710  2\$aEducational Testing Service.
=710  2\$aGraduate Record Examinations Board.
=710  2\$aWarner Books (Firm)
=740  0\$aPracticing to take the GRE general test--number four.
=753  \\$aApple Macintosh
=650  \0$aGraduate record examination$xStudy guides$xSoftware.
=650  \7$aIngles$xLibros de texto$2lemb
=005  20061221101300.0
=001  009632
=040  \\$aarbccab$bspa
=500  \\$aGuide book.
=500  \\$aTitle from container.
=500  \\$aCopy-protected.
=500  \\$a"Warner Books."
=500  \\$aIssued also in IBM software ed. and in printed version.
=003  AR-BCCAB
=082  00$a378.1$212
=942  \\$cBK
=952  \\$2udc$aARBCCAB$bARBCCAB$i12242$o53[079] E82 4$p12242$yBK
