=LDR  00000nmm##2200000#a#4500

=001  009959
=008  750626s1976####nyua###f#b####001#0#eng##
=245  10$aNuclear reactor analysis /$cJames J. Duderstadt, Louis J. Hamilton.
=260  \\$aNew York :$bWiley,$c[c1976]
=300  \\$axvii, 650 p. :$bil. ;$c26 cm.
=504  \\$aIncluye referencias bibliográficas e índices.
=520  \\$aClassic textbook for an introductory course in nuclear reactor analysis that introduces the nuclear engineering student to the basic scientific principles of nuclear fission chain reactions and lays a foundation for the subsequent application of these principles to the nuclear design and analysis of reactor cores. This text introduces the student to the fundamental principles governing nuclear fission chain reactions in a manner that renders the transition to practical nuclear reactor design methods most natural. The authors stress throughout the very close interplay between the nuclear analysis of a reactor core and those nonnuclear aspects of core analysis, such as thermal-hydraulics or materials studies, which play a major role in determining a reactor design.
=020  \\$a0471223638
=100  1\$aDuderstadt, James J.,$d1942-
=700  1\$aHamilton, Louis J.,$d1941-$ejoint author.
=080  \\$a621.039.51
=650  \0$aNuclear reactors$xDesign and construction.
=650  \0$aNuclear engineering.
=650  \0$aNuclear fission.
=650  \7$aNuclear power.$2inist
=650  \7$aNuclear physics.$2inist
=650  \7$aNeutron transport.$2inist
=650  \7$aFísica nuclear.$2inist
=650  \7$aEnergía nuclear utilizable.$2inist
=650  \7$aTransporte de neutrones.$2inist
=690  \\$aIngeniería nuclear$bLaboratorio II.
=010  \\$a###75020389#
=050  00$aTK9202$b.D77
=040  \\$aDLC$cDLC$dDLC$bspa$darbccab
=856  41$3Tapa$uhttps://images-na.ssl-images-amazon.com/images/I/31boEvg4SML.%5FSX382%5FBO1,204,203,200%5F.jpg
=856  41$3Indice$uhttp://www.loc.gov/catdir/tocs/onix02/75020389.html
=005  20190730155834.0
=003  AR-BCCAB
=082  00$a621.48/32
=942  \\$cBK
=952  \\$2udc$aARBCCAB$bARBCCAB$i1110$o621.039.51 D86$p1110$yBK
=952  \\$2udc$aARBCCAB$bARBCCAB$i17430$o621.039.51 D86 Ej.2$p17430$yBK
=952  \\$2udc$aARBCCAB$bARBCCAB$i18061$o621.039.51 D86 Ej.3$p18061$yBK
=952  \\$2udc$aARBCCAB$bARBCCAB$i17771$o621.039.51 D86 Ej.4$p17771$yBK
=952  \\$2udc$aARBCCAB$bARBCCAB$i18063$o621.039.51 D86 Ej.5$p18063$yBK
=952  \\$2udc$aARBCCAB$bARBCCAB$i17429$o621.039.51 D86 Ej.6$p17429$yBK
=952  \\$2udc$aARBCCAB$bARBCCAB$i17428$o621.039.51 D86 Ej.7$p17428$yBK
=952  \\$2udc$aARBCCAB$bARBCCAB$i16761$o621.039.51 D86 Ej.8$p16761$yBK
=952  \\$2udc$aARBCCAB$bARBCCAB$i20388$o621.039.51 D86 Ej.9$p20388$yBK
=952  \\$2udc$aARBCCAB$bARBCCAB$d2011-09-02$eM&A$i21826$o621.039.51 D86 Ej.10$p21826$yBK
