=LDR  00000pam##2200000#a#4500

=001  010236
=008  820120s1959####nyud###f#b####001#0#eng##
=245  10$aComputational methods of linear algebra /$cby V. N. Faddeeva.
=260  \\$aNew York :$bDover,$c1959.
=300  \\$ax, 252 p. ;$c21 cm.
=490  1\$aDover Books on Mathematics
=504  \\$aIncluye referencias bibliográficas e índice.
=500  \\$aTranslated by Curtis D. Benster.
=520  \\$aThe book consists of three chapters. In the first chapter is given the material from linear algebra that is indispensable to what follows. The second chapter is devoted to the numerical solution of systems of linear equations and parallel questions. Lastly, the third chapter contains a description of numerical methods of computing the proper numbers and proper and vectors of a matrix.
=100  1\$aFaddeeva, V. N.
=080  \\$a519.6
=650  \0$aAlgebras, Linear
=650  \0$aMatrices
=650  \0$aNumerical calculations
=050  00$aQA251$b.F313
=040  \\$aDLC$cCarP$dDLC$bspa$darbccab
=856  41$uhttp://campi.cab.cnea.gov.ar/tocs/23199.pdf$yIndice
=005  20161027154227.0
=003  AR-BCCAB
=942  \\$cBK
=952  \\$2udc$aARBCCAB$bARBCCAB$i5343$o519.6 F12$p5343$yBK
=952  \\$2udc$aARBCCAB$bARBCCAB$i23199$o519.6 F12 Ej.2$p23199$yBK
