=LDR  00000cam##2200000#a#4500

=001  010609
=007  cr_|||||||||||
=008  940406s1994####si#d###f#b####001#0#eng##
=245  10$aEquilibrium statistical physics /$cMichael Plischke, Birger Bergersen.
=250  \\$a2nd ed.
=260  \\$aSingapore ;$aRiver Edge, NJ :$bScientific Pub.,$cc1994.
=300  \\$axv, 520 p. :$bil. ;$c22 cm.
=504  \\$aBibliografía: p. 495-510.
=500  \\$a1 ejs. Con Solutions Manual.
=500  \\$aIncluye índice.
=520  \\$aThis book contains solutions to the problems found in Equilibrium Statistical Physics, 2nd Edition, by the same authors.
=020  \\$a9810248121 (electronic bk.)
=020  \\$a9810216416
=020  \\$a9810216424 (pbk.)
=020  \\$a9810220685 (manual)
=100  1\$aPlischke, Michael.
=700  1\$aBergersen, Birger.
=650  \0$aStatistical physics.
=650  \0$aCritical phenomena (Physics)
=040  \\$aDLC$cDLC$dDLC$bspa$darbccab
=856  41$uhttps://images-na.ssl-images-amazon.com/images/I/51b7WJMCWKL.%5FSX334%5FBO1,204,203,200%5F.jpg$3Tapa
=856  41$uhttp://campi.cab.cnea.gov.ar/tocs/23220.pdf$3Indice
=005  20161108143811.0
=003  AR-BCCAB
=082  00$a530.1/3$220
=942  \\$cBK
=952  \\$2udc$aARBCCAB$bARBCCAB$i16314$o531.19:536.76 P719 Ed.2$p16314$yBK
=952  \\$2udc$aARBCCAB$bARBCCAB$i16315$o531.19:536.76 P719 Ed.2 Ej.2$p16315$yBK
=952  \\$2udc$aARBCCAB$bARBCCAB$i23220$o531.19:536.76 P719 Manual Ed.2 Ej.3$p23220$yBK
