=LDR  00000pam##2200000#a#4500

=001  010884
=008  830606s1984####enkd###f#b####001#0#eng##
=245  10$aGauge theory of elementary particle physics /$cTa-Pei Cheng and Ling-Fong Li.
=260  \\$aNew York :$bOxford University Press,$c1984.
=300  \\$axi, 536 p. :$bil. ;$c25 cm.
=504  \\$aIncluye referencias bibliográficas (p. [517]-526) e índices.
=520  \\$aThis is a practical introduction to the principal ideas in gauge theory and their applications to elementary particle physics. It explains technique and methodology with simple exposition backed up by many illustrative examples. Derivations, some of well known results, are presented in sufficient detail to make the text accessible to readers entering the field for the first time. The book focuses on the strong interaction theory of quantum chromodynamics and the electroweak interaction theory of Glashow, Weinberg, and Salam, as well as the grand unification theory, exemplified by the simplest SU(5) model. Not intended as an exhaustive survey, the book nevertheless provides the general background necessary for a serious student who wishes to specialize in the field of elementary particle theory. Physicists with an interest in general aspects of will also find the book highly useful.
=490  1\$aOxford science publications
=020  \\$a0198519567
=020  \\$a0198519613 (pbk.)
=100  1\$aCheng, Ta-Pei.
=700  1\$aLi, Ling-Fong.
=080  \\$a539.12
=650  \0$aGauge fields (Physics)
=650  \7$aElementary particles.$2inist
=650  \7$aParticulas elementales.$2inist
=650  \7$aQuantum choromodynamics$2inist
=650  \7$aCromodinámica cuántica$2inist
=653  \\$aTeoría de la interacción electroweak
=690  \\$aMaestría en Ciencias Físicas
=040  \\$aDLC$cDLC$dDLC$bspa$darbccab
=856  41$uhttps://images-na.ssl-images-amazon.com/images/I/416UggwmCWL.%5FSX322%5FBO1,204,203,200%5F.jpg$3Tapa
=856  41$uhttp://campi.cab.cnea.gov.ar/tocs/23243.pdf$3Indice
=005  20161205170351.0
=003  AR-BCCAB
=942  \\$cBK
=952  \\$2udc$aARBCCAB$bARBCCAB$i12488$o539.12 Ch421 G$p12488$yBK$z23243 reprinted 2011.
=952  \\$2udc$aARBCCAB$bARBCCAB$d2012-07-20$eM&A$gU{dollar}S116.95$i22048$o539.12 Ch421 G Ej.2$p22048$yBK
=952  \\$2udc$aARBCCAB$bARBCCAB$d20161031$eCiencia y Técnica$g$i23243$o539.12 Ch421 G Ej.3$p23243$yBK
