=LDR  00000cam#a2200000#a#4500

=001  010908
=008  951005s1996####gw#d###f#b####001#0#eng##
=245  10$aFundamentals of semiconductors :$bphysics and materials properties /$cPeter Y. Yu, Manuel Cardona.
=260  \\$aBerlin ;$aNew York :$bSpringer,$cc1996.
=300  \\$axiv, 617 p. :$bil. (some col.) ;$c24 cm.
=504  \\$aIncluye referencias bibliográficas (p. [567]-598) e índice.
=520  \\$aThis text attempts to fill the gap between a general solid-state physics book and research articles by providing detailed explanations of the electronic, vibrational, transport, and optical properties of semiconductors. The approach is physical and intuitive, rather than formal and pedantic. The book has been written with both students and researchers in mind. Its emphasis is on understanding the physical properties of Si and similar tetrahedrally co-ordinated semiconductors and the explanations are based on physical insights. Each chapter contains a collection of tables of material parameters, figures and problems. Many of these problems "lead the student by the hand" to arrive at the results.
=500  \\$a3 ejs.
=020  \\$a3540583076 (Berlin : acid-free paper)
=100  1\$aYu, Peter Y.,$d1944-
=700  1\$aCardona, Manuel,$d1934-
=080  \\$a537.3
=650  \0$aSemiconductors
=650  \0$aSemiconductors$xMaterials.
=040  \\$aDLC$cDLC$dDLC$bspa$darbccab
=856  41$uhttps://images-na.ssl-images-amazon.com/images/I/21hK3aoTzHL.%5FAC%5FUS160%5F.jpg$3Tapa
=856  41$uhttp://campi.cab.cnea.gov.ar/tocs/23179.pdf$3Indice
=005  20161019120743.0
=003  AR-BCCAB
=082  00$a537.6/22$220
=942  \\$cBK
=952  \\$2udc$aARBCCAB$bARBCCAB$i16564$o537.3 Y9$p16564$yBK
=952  \\$2udc$aARBCCAB$bARBCCAB$i16582$o537.3 Y9 Ej.2$p16582$yBK
=952  \\$2udc$aARBCCAB$bARBCCAB$i23179$o537.3 Y9 Ej.3$p23179$yBK
