=LDR  00000pam##2200000#a#4500

=001  011203
=008  900103s1990####nyud###f#b####001#0#eng##
=245  00$aInstrumentation and control :$bfundamentals and applications /$cedited by Chester L. Nachtigal.
=260  \\$aNew York :$bWiley,$cc1990.
=300  \\$axxii, 890 p. :$bil. ;$c24 cm.
=490  1\$aWiley series in mechanical engineering practice
=504  \\$aIncluye referencias bibliográficas e índice.
=500  \\$a"Wiley-Interscience publication."
=500  \\$a6 ej. 3 facsimil. El ej. 5 tiene manchas de humedad en la tapa hasta la pag. 17.
=520  \\$aAs part of the ongoing Wiley Series in Mechanical Engineering, this edited volume serves as a complete reference and guide to the many facets of instrumentation and control engineering. Broad in coverage and scope, it provides practicing engineers with the latest data and activities taking place in the field. Will give you an idea of the depth and breadth of coverage as reflected in the variety of topics explored, including systems engineering concepts; instrument static analysis; grounding and cabling techniques; bridge transducers; position, velocity, acceleration; force; torque, pressure and temperature transducers; signal processing and transmission; control system performance and modification; number controllers for machine tools and robots; and state-space analysis for dynamic and control systems.
=020  \\$a0471880450
=700  1\$aNachtigal, Chester L.
=080  \\$a62-52
=650  \0$aEngineering instruments.
=650  \0$aAutomatic control.
=650  \7$aAutomation.$2insit
=650  \7$aControl systems.$2insit
=650  \7$aAutomatización.$2insit
=650  \7$aSistemas de control.$2insit
=040  \\$aDLC$cDLC$dDLC$bspa$darbccab
=856  41$uhttps://images-na.ssl-images-amazon.com/images/I/31WRV2EGWTL.%5FBO1,204,203,200%5F.gif$3Tapa
=856  41$3Indice$uhttp://campi.cab.cnea.gov.ar/tocs/23640.pdf
=005  20180621151152.0
=003  AR-BCCAB
=082  00$a681/.2$220
=942  \\$cBK
=952  \\$2udc$aARBCCAB$bARBCCAB$i16763$o62-52 N114$p16763$yBK
=952  \\$2udc$aARBCCAB$bARBCCAB$i18978$o62-52 N114 Ej.2$p18978$yBK
=952  \\$2udc$aARBCCAB$bARBCCAB$i18979$o62-52 N114 Ej.3$p18979$yBK
=952  \\$2udc$aARBCCAB$bARBCCAB$i18980$o62-52 N114 Ej.4$p18980$yBK
=952  \\$2udc$aARBCCAB$bARBCCAB$i19061$o62-52 N114 Ej.5$p19061$yBK
=952  \\$2udc$aARBCCAB$bARBCCAB$d2010-07-02$i21210$o62-52 N114 Ej.6$p21210$yBK
=952  \\$2udc$aARBCCAB$bARBCCAB$d2018-06-06$i23640$o62-52 N114 Ej.7$p23640$yBK
