=LDR  00000pam##2200000#a#4500

=245  10$aPhysical properties of martensite and bainite :$bSpecial report 93 /$cThe Iron and Steel Institute.
=260  \\$aLondon :$bs. n.,$cc1965.
=300  \\$a211 p. :$bil., gráf., photos.
=504  \\$aIncluye referencias bibliográficas e índice.
=520  \\$a"Report of the proceedings of the joint conference organized by the British and Steel Research Association and the Iron and Steel Institute and held at the Royal Hotel, Scarborough, on 10, 11 and 12 May 1965"
=111  2\$aJoint conference on Physical properties of martensite and bainite$d(1965 :$cScarborough)
=710  2\$aBritish and Steel Research Association.
=710  2\$aIron and Steel Institute.
=080  \\$a669.071.3
=008  060919s1965####enk######t####101#0#eng#d
=005  20060919122040.0
=001  011404
=040  \\$aarbccab$bspa
=003  AR-BCCAB
=942  \\$cBK
=952  \\$2udc$aARBCCAB$bARBCCAB$i3208$o669.017.3 I6$p3208$yBK
