=LDR  00000nam##22000005a#4500

=008  731003s1978####sp#a#####d####000#0#eng##
=245  10$aDiccionario de electrónica y técnica nuclear /$c[por] John Markus.
=250  \\$a3d ed.
=260  \\$aBarcelona, España :$bMarcombo,$c1978.
=300  \\$a1037 p. :$bil. ;$c24 cm.
=546  \\$aTraducido de Electronics and nucleonics dictionary
=520  \\$aIncluye vocabulario español-inglés e inglés-español
=020  \\$a8426700039
=100  1\$aMarkus, John,$d1911-
=240  10$aElectronics dictionary
=080  \\$a638:621
=005  20060920125426.0
=650  \0$aElectronics$vDictionaries.
=650  \0$aNuclear engineering$vDictionaries.
=001  011468
=040  \\$aDLC$cDLC$dDLC$bspa$darbccab
=500  \\$aTraducción y preparación por Jaime Canals Casabó ... et al.
=500  \\$aNo se presta.
=003  AR-BCCAB
=942  \\$cBK
=952  \\$2udc$aARBCCAB$bARBCCAB$i7184$o038:621 M342$p7184$yBK
