=LDR  00000cam#a2200000#a#4500

=245  10$aWarped passages :$bunraveling the mysteries of the Universe's hidden dimensions /$cLisa Randall.
=250  \\$a1st ed.
=260  \\$aNew York :$bEcco,$cc2005.
=300  \\$axii, 499 p. :$bil. ;$c24 cm.
=520  \\$aDiscusses dimensions of space, early twentieth-century advances, the physics of elementary particles, string theory and branes, and proposals for extra-dimension universes.
=505  0\$aIntroduction -- Entryway passages : demystifying dimensions -- Restricted passages : rolled-up extra dimensions -- Exclusive passages : branes, braneworlds, and the bulk -- Approaches to theoretical physics -- Relativity : the evolution of Einstein's gravity -- Quantum mechanics : principled uncertainty, the principal uncertainties, and the uncertainty principle -- The standard model of particle physics : matter's most basic known structure -- Experimental interlude : verifying the standard model -- Symmetry : the essential organizing principle -- The origin of elementary particle masses : spontaneous symmetry breaking and the Higgs mechanism -- Scaling and grand unification : relating interactions at different lengths and energies -- The hierarchy problem : the only effective trickle-down theory -- Supersymmetry : a leap beyond the standard model -- Allegro (ma non troppo) passage for strings -- Supporting passages : brane development -- Bustling passages : braneworlds -- Sparsely populated passages : multiverses and sequestering -- Leaky passages : fingerprints of extra dimensions -- Voluminous passages : large extra dimensions -- Warped passage : a solution to the hierarchy problem -- The warped annotated "Alice" -- Profound passage : an infinite extra dimension -- A reflective and expansive passage -- Extra dimensions : are you in or out? -- (In)conclusion.
=020  \\$a0060531088
=020  \\$a9780060531089
=100  1\$aRandall, Lisa.
=650  \0$aPhysics$xPhilosophy.
=650  \0$aParticles (Nuclear physics)
=650  \0$aCosmology.
=650  \0$aString models.
=650  \0$aBranes.
=010  \\$a##2004056376
=050  00$aQC6$b.R26 2005
=005  20060927133236.0
=008  040914s2005####nyua#####b####001#0#eng##
=504  \\$aIncluye referencias bibliográficas.
=001  011758
=040  \\$aDLC$cDLC$dBAKER$dC#P$dUPZ$dOCLCA$dVP@$dOCLCQ$dIXA$dMNY$dDLC$bspa$darbccab
=500  \\$aIncluye índice.
=003  AR-BCCAB
=082  00$a530/.01$222
=942  \\$cBK
=952  \\$2udc$aARBCCAB$bARBCCAB$d2006-09-29$eBlackwell$i19838$o539.12 R891$p19838$yBK
