=LDR  00000nam##22000005a#4500

=008  061102s1977####xxu###########000#0#eng#d
=245  10$aProgramming the 6800 microprocessor /$cBob Southern.
=260  \\$aPhoenix, Arizona :$bMotorola,$cc1977.
=300  \\$a1 v. (varias paginaciones)
=520  \\$a"A self-instructional workbook for assembly language and machine code programming of the 6800 family of microprocessors and peripherals"
=100  1\$aSouthern, Bob.
=080  \\$a681.326
=005  20081215143701.0
=001  012906
=040  \\$aarbccab$bspa
=500  \\$aTítulo de tapa.
=003  AR-BCCAB
=942  \\$cBK
=952  \\$2udc$aARBCCAB$bARBCCAB$i6502$o681.326 S 88$p6502$yBK
=952  \\$2udc$aARBCCAB$bARBCCAB$i6766$o681.326 S 88 Ej. 2 Ej.2$p6766$yBK
