=LDR  00000nam##22000005a#4500

=245  03$aEl Proyecto CAREM en el mundo.
=300  \\$a20 p. :$bil. ;$ccm.
=520  \\$aAmplio y pormenorizado informe sobre el Proyecto CAREM, que forma parte de un importante y ambicioso programa de trabajo de las insittución, según informan las autoridades de la Comisión Nacional de Energía Atómica.
=773  0\$7||as$tRevista Argentina Nuclear$dBuenos Aires : Nueva Ciencia$x0326-7873$gno. 82 (2000)
=008  061102s2001####ag#a##########000#0#spa#d
=005  20061102142830.0
=001  012914
=040  \\$aarbccab$bspa
=003  AR-BCCAB
=942  \\$cBK
