=LDR  00000naa##22000005a#4500

=008  070201s1989####xx#####f#a####101#0#eng#d
=245  10$aFirst international conference on complex systems in computational physics :$bOctober 18-22, 1993 : Buenos Aires, Argentina.
=300  \\$a103 h.
=504  \\$aIncluye referencias bibliográficas e índice por autores.
=520  \\$aBook of abstracts
=111  2\$aInternational conference on complex systems in computational physics$n(1st :$d1993 :$cBuenos Aires)
=080  \\$a531.19:061.3
=653  \\$aComplex systems - Congresses.
=653  \\$aSistemas complejos - Congresos.
=005  20071206141704.0
=650  \0$aStatistical mechanics$2Congresses
=650  \7$aMecánica estadística$vCongresos.$2inist
=001  013273
=040  \\$aarbccab$bspa
=003  AR-BCCAB
=942  \\$cBK
=952  \\$2udc$aARBCCAB$bARBCCAB$i14684$o531.19:536.76:061.3 I8 1993$p14684$yBK
