=LDR  00000nam##22000005a#4500

=008  851226s1985####wlka##########100#0#eng##
=245  10$aNumerical methods in laminar and turbulent flow :$bV. 5 /$ceditors, C. Taylor, W. G. Habashi, M. M. Hafez.
=260  \\$aSwansea, U.K. :$bPineridge Press,$cc1985.
=300  \\$a2 v. (1851 p.) :$bil. ;$c24 cm.
=520  \\$a"Proceedings of the fifth international conference held at Montreal, Canada on 6th-10th July, 1987"
=504  \\$aIncluye referencias bibliográficas.
=020  \\$a0906674646 (set)
=111  2\$aInternational conference$n(5th :$d1987 :$cMontreal, Canada)
=080  \\$a532.5:061.3
=005  20070202071843.0
=650  \0$aFluid dynamics$vCongresses.
=650  \0$aLaminar flow$vCongresses.
=650  \0$aTurbulent boundary layer$vCongresses.
=650  \0$aNumerical analysis$vCongresses.
=650  \7$aMecánica de fluidos$2inist
=650  \7$aAnalisis numerico$2inist
=650  \7$aCongresos.$2inist
=650  \7$aFlujo laminar$2inist
=650  \7$aTurbulencia$2inist
=700  1\$aTaylor, C.$q(Cedric),$eed.$4edt
=700  1\$aHabashi, W. G.,$eed.$4edt
=700  1\$aHafez, M. M,$eed.$4edt
=001  013278
=040  \\$aDLC$cDLC$dDLC$bspa$darbccab
=003  AR-BCCAB
=942  \\$cBK
=952  \\$2udc$aARBCCAB$bARBCCAB$i14573$o532.5:031.3 I8 1987 Pt. 1 1$p14573$yBK
=952  \\$2udc$aARBCCAB$bARBCCAB$i14574$o532.5:031.3 I8 1987 Pt. 2 2$p14574$yBK
