=LDR  00000cam#a2200000#a#4500

=008  070202s1984####si############100#0#eng#d
=245  10$aModern techniques in metrology /$cedited by Paul L. Hewitt.
=260  \\$aSingapore :$bWorld Scientific,$c1984.
=300  \\$a347 p.
=504  \\$aIncluye referencias bibliográficas.
=520  \\$aTechnical proceedings of the Regional Workshop on Metrology for developing countries, wich was held in at the CSIRO National Measurement Laboratory from 30 August to 10 September 1982
=020  \\$a997196645X
=111  2\$aRegional Workshop on Metrology for developing countries$d(1982 :$cCSIRO National Measurement Laboratory)
=080  \\$a531.7:061.3
=005  20070202074352.0
=650  \7$aTeoría de la medida$2inist
=650  \7$aMeasure theory$2inist
=650  \7$aCongresos.$2inist
=650  \7$aMeetings$2inist
=700  1\$aHewitt, Paul,$eed.$4edt
=001  013281
=040  \\$aarbccab$bspa
=003  AR-BCCAB
=942  \\$cBK
=952  \\$2udc$aARBCCAB$bARBCCAB$i13332$o531.7:061.3 R263 1982$p13332$yBK
