=LDR  00000nam##22000005a#4500

=245  10$aNumerical methods in laminar and turbulent flow :$bV. 6 /$ceditors, C. Taylor ... [et al.].
=260  \\$aSwansea, U.K. :$bPineridge Press,$cc1985.
=300  \\$a2 v. (2106 p.) :$bil. ;$c24 cm.
=520  \\$a"Proceedings of the sixth international conference held at Swansea 11th-15th July 1989"
=504  \\$aIncluye referencias bibliográficas.
=020  \\$a0906674700 (set)
=111  2\$aInternational conference$n(6th :$d1989 :$cSwansea)
=080  \\$a532.5:061.3
=008  070202s1985####wlka##########100#0#eng##
=005  20070202075226.0
=650  \0$aFluid dynamics$vCongresses.
=650  \0$aLaminar flow$vCongresses.
=650  \0$aTurbulent boundary layer$vCongresses.
=650  \0$aNumerical analysis$vCongresses.
=650  \7$aMecánica de fluidos$2inist
=650  \7$aAnalisis numerico$2inist
=650  \7$aCongresos.$2inist
=650  \7$aFlujo laminar$2inist
=650  \7$aTurbulencia$2inist
=700  1\$aTaylor, C.$q(Cedric),$eed.$4edt
=001  013283
=040  \\$aDLC$cDLC$dDLC$bspa$darbccab
=003  AR-BCCAB
=942  \\$cBK
=952  \\$2udc$aARBCCAB$bARBCCAB$i14575$o532.5:061.3 I8 1989 Pt. 1 1$p14575$yBK
=952  \\$2udc$aARBCCAB$bARBCCAB$i14576$o532.5:061.3 I8 1989 Pt. 2 2$p14576$yBK
