=LDR  00000nam#a2200000#a#4500

=245  00$aApplied mechanics in the americas /$cedited by Luis A. Godoy ... [et al.].
=260  \\$a[Buenos Aires] :$bAmerican Academy of Mechanics, Asociación Argentina de Mecánica Computacional,$c1995.
=300  \\$a3 v.
=505  0\$av. 1$tMechanics of solids$gv. 2$tDynamics and Vibrations; optimization and control$gv. 3$tMechanics of fluids; thermal sciences; applications in earth sciences; applications in biomechanics; numerical and analytical methods
=520  \\$a"Proceedings of the fourth Pan-American congress of applied mechanics PACAM IV : Buenos Aires, Argentina. 3-6 January 1995"
=711  2\$aPan-American congress of applied mechanics$n(4th :$d1995 :$cBuenos Aires, Argentina)
=711  2\$aPACAM IV.
=008  070202s1995####ag############000#0#und#d
=005  20070202080807.0
=700  1\$aGodoy, Luis A.,$eed.$4edt
=001  013287
=040  \\$aarbccab$bspa
=003  AR-BCCAB
=942  \\$cBK
=952  \\$2udc$aARBCCAB$bARBCCAB$d2003-02-20$i18703$o532.5:061.3 P192 1995 v. 1 Vol.1$p18703$yBK
=952  \\$2udc$aARBCCAB$bARBCCAB$i18704$o532.5:061.3 P192 1995 v. 2 Vol.2$p18704$yBK
=952  \\$2udc$aARBCCAB$bARBCCAB$i18705$o532.5:061.3 P192 1995 v. 3 Vol.3$p18705$yBK
