=LDR  00000nam##22000005a#4500

=008  070202s1997####ag############100#0#eng#d
=245  10$aModification, characterization and modeling of surfaces :$bLectures.
=260  \\$aBuenos Aires :$bEDES,$c1997.
=300  \\$a2 v.
=520  \\$a"This notes has been produced as an accompanying volume to a two weeks course on Modification, characterization and modeling of surfaces held in Buenos Aires, Argentina, between 14 and 25 July, 1997"
=111  2\$aCourse on Modification, characterization and modeling of surfaces$d(1997 :$cBuenos Aires, Argentina)
=710  2\$aEscuela de Superficies.
=005  20070202102835.0
=650  \7$aSuperficies$2inist
=650  \7$aSurfaces$2inist
=650  \7$aCongresos.$2inist
=650  \7$aMeetings$2inist
=001  013303
=040  \\$aarbccab$bspa
=003  AR-BCCAB
=942  \\$cBK
=952  \\$2udc$aARBCCAB$bARBCCAB$d1997-09-11$i16164$o538.971:061.3 C677 1997 v. 1 Vol.1$p16164$yBK
=952  \\$2udc$aARBCCAB$bARBCCAB$i16361$o538.971:061.3 C677 1997 V. 2 Vol.2$p16361$yBK
