=LDR  00000nam##22000005a#4500

=245  10$aElastic and diffractive scattering 2 /$cedited by K. Goulianos.
=260  \\$aCedex, France :$bFrontiers,$c1988.
=300  \\$axxii, 386 p.
=504  \\$aIncluye referencias bibliográficas.
=520  \\$a"Proceedings of the second international conference on Elastic and diffractive scattering (Second Blois Workshop). The Rockefeller University, New Yor City, USA, October 15-18, 1987".
=020  \\$a286332053X
=111  2\$aInternational conference on Elastic and diffractive scattering$n(2nd :$d1987 :$cThe Rockefeller University, New York)
=700  1\$aGoulianos, K.
=080  \\$a539.12
=008  070202s1988####fr############100#0#eng#d
=005  20070202121850.0
=650  \7$aParticles$2inist
=650  \7$aParticulas$2inist
=650  \7$aCongresses.$2inist
=650  \7$aCongresos.$2inist
=001  013316
=040  \\$aarbccab$bspa
=003  AR-BCCAB
=942  \\$cBK
=952  \\$2udc$aARBCCAB$bARBCCAB$i14005$o539.12:061.3 I8 E 1987$p14005$yBK
