=LDR  00000nam##22000005a#4500

=008  070205s2001####it#######a####000#0#eng#d
=245  00$aCatalysis for cleaner industrial technologies /$cedited by S. Miertus and F. Trifirò.
=260  \\$aTrieste :$bUNIDO,$c2001.
=300  \\$aiv, 233 p.
=504  \\$aIncluye referencias bibliográficas.
=520  \\$a"The present publication is the follow-up of recent Expert Group Meetings on catalysis applicable to cleaner industrial processes and technology (held in Trieste in 1998-2000)..."
=711  2\$aExpert Group Meetings on catalysis applicable to cleaner industrial processes and technology$d(1998-2000 :$cTrieste)
=080  \\$a541.128
=005  20070205121625.0
=650  \7$aCatalisis$2inist
=650  \7$aCatalysis$2inist
=650  \7$aCongresses.$2inist
=650  \7$aCongresos.$2inist
=700  1\$aMiertus, S.,$eed.$4edt
=700  1\$aTrifirò, F.,$eed.$4edt
=001  013336
=040  \\$aarbccab$bspa
=856  42$3Indice$uhttp://campi.cab.cnea.gov.ar/tocs/18262.pdf
=003  AR-BCCAB
=942  \\$cBK
=952  \\$2udc$aARBCCAB$bARBCCAB$d2002-03-13$i18262$o541.128:061.3 M47$p18262$yBK
