=LDR  00000nam##22000005a#4500

=008  070205s1997####au#######b####000#0#eng#d
=245  00$aMolecular design and combinational chemistry :$bSelected methods and applications.
=260  \\$a[Austria] :$bUNIDO,$c[1997]
=300  \\$a169 p. :$bil. col.
=504  \\$aIncluye referencias bibliográficas.
=520  \\$a"Selected papers presented at the training course on industrial development of structure-based molecular and combiantional chemistry Kuala Lumpur (Malaysia), 28 July to 8 August 1997"
=711  2\$atraining course on industrial development of structure-based molecular and combiantional chemistry$d(1997 :$cKuala Lumpur, Malaysia)
=080  \\$a541.6
=005  20070205125113.0
=650  \7$aCongresses.$2inist
=650  \7$aCongresos.$2inist
=650  \7$aComputer architecture$2inist
=001  013338
=040  \\$aarbccab$bspa
=856  42$3Indice$uhttp://campi.cab.cnea.gov.ar/tocs/17251.pdf
=003  AR-BCCAB
=942  \\$cBK
=952  \\$2udc$aARBCCAB$bARBCCAB$d2000-02-25$i17251$o541.6:061.3 C833 1997$p17251$yBK
