=LDR  00000nam##22000005a#4500

=008  070208s1987####xx#######b####101#0#eng#d
=245  10$aResidual stresses in science and technology /$cedited by E. Macherauch and V. Hauk.
=260  \\$aS. l. :$bVerlag,$c1987.
=300  \\$a2 vol.
=520  \\$a"Papers presented at the International Conference on Residual Stresses, 1986, Garmisch-Partenkirchen (FRG), held by Deutshce Gesellschaft für Metallkunde"
=504  \\$aIncluye referencias bibliográficas e índice.
=020  \\$a388355099X (v. 1)
=020  \\$a3883551007 (v. 2)
=111  2\$aInternational Conference on Residual Stresses$d(1986 :$cGarmisch-Partenkirchen (FRG)
=080  \\$a669:539.319:061.3
=080  \\$a669.018.4
=080  \\$a669:539.388.1
=650  \7$aMetals$2inist
=650  \7$aMetales$2inist
=650  \7$aResidual stresses$2inist
=650  \7$aTensión residual$2inist
=650  \7$aThermal properties$2inist
=650  \7$aFatigue$2inist
=005  20070208085804.0
=700  1\$aMacherauch, E.,$eed.$4edt
=700  1\$aHauk, V.,$eed.$4edt
=001  013431
=040  \\$aarbccab$bspa
=003  AR-BCCAB
=942  \\$cBK
=952  \\$2udc$aARBCCAB$bARBCCAB$i14451$o669:539.319:061.3 I8 1986 v. 1 Vol.1$p14451$yBK
=952  \\$2udc$aARBCCAB$bARBCCAB$i14452$o669:539.319:061.3 I8 1986 v. 2 Vol.2$p14452$yBK
