=LDR  00000nam##22000005a#4500

=008  070215s2000####ja############100#0#spa#d
=245  10$aMicrooptics /$cedited by Kenya Goto ... [et al.].
=260  \\$aTokyo, Japan :$bJJAP,$c2000.
=300  \\$a1463-1587 p.
=520  \\$a"... collection of papers presented at the 7th Microoptics Conference (MOC´99) which was sponsored by the Japan Society of Applied Physics, and held at Nippon Conference Center, Makuhari Messe, Chiba, Japan, from july 14 to 16, 1999, as a related conference of the International Optoelectronics exhibition´99 (InterOpto´99)". -- foreword
=111  2\$aMicrooptics Conference (MOC´99$n(7th :$d1999 :$cNippon Conference Center, Makuhari Messe, Chiba, Japan)
=080  \\$a535:061.3
=005  20070215120948.0
=650  \7$aOptics$2inist
=650  \7$aCongresses.$2inist
=650  \7$aCongresos.$2inist
=700  1\$aGoto, Kenya,$eed.$4edt
=490  1\$aJapanese Journal of Applied Physics. Part 1 : Regular papers, short notes & review papers,$vv. 39, no. 3B$x0021-4922 ;
=001  013674
=040  \\$aarbccab$bspa
=003  AR-BCCAB
=942  \\$cBK
