=LDR  00000nam##22000005a#4500

=008  070216s1976####ilu####f#b####100#0#eng#d
=245  10$aFusion reactor materials.
=260  \\$aHinsdale, Illinois :$bAmerican Nuclear Society,$c1976.
=300  \\$a255-452 p.
=504  \\$aIncluye referencias bibliográficas e índices.
=520  \\$a"The papers presented in this issue are representative of the five special sessions ... given at the 1975 ANS Winter Meeting".
=080  \\$a621.039.53:061.3
=650  \7$aNuclear matter$vCongresses.$2inist
=005  20070823202628.0
=490  1\$aNuclear technology ;$vv. 29, no. 3
=001  013693
=040  \\$aarbccab$bspa
=003  AR-BCCAB
=942  \\$cBK
