=LDR  00000nam##22000005a#4500

=008  070216s1972####ilu####f######100#0#eng#d
=245  10$aReactors materials performance :$bProceedings of an ANS Topical Meeting : April 1972 /$cCosponsored by the Richland Chapter of the American Nuclear Society and the Materials Science and Technology Division ; W. E. Roake, Program Chairman and T. T. Claudson, General Chairman.
=260  \\$aHinsdale, Illinois :$bAmerican Nuclear Society,$c1972.
=300  \\$a255-452 p.
=504  \\$aIncluye referencias bibliográficas e índices.
=520  \\$a"The papers presented in this issue are representative of the five special sessions ... given at the 1975 ANS Winter Meeting".
=111  2\$aANS Topical Meeting$pReactors materials performance$d(1972 :$cRichland, Washington)
=710  2\$aAmerican Nuclear Society.$bRichland Chapter.
=710  2\$aAmerican Nuclear Society.$bMaterials Science and Technology Division.
=080  \\$a621.039.53:061.3
=650  \7$aNuclear matter$vCongresses.$2inist
=005  20070823202341.0
=700  1\$aRoake, W. E.,$eed.$4edt
=700  1\$aClaudson, T. T.,$eed.$4edt
=490  1\$aNuclear technology ;$vv. 16, no. 1
=001  013695
=040  \\$aarbccab$bspa
=500  \\$a"... held in Richland, Washington, on April 23-26, 1972 ...".
=003  AR-BCCAB
=942  \\$cBK
