=LDR  00000nam##2200000Ka#4500

=008  070220s1956####nyu####f######100#0#eng#d
=245  10$aInternational conference for the Peaceful uses of atomic energy :$bheld at Geneva, in August, 1955.
=260  \\$aNew York :$bPergamon,$c1956.
=300  \\$a2 v.
=520  \\$a"The present volume contains a collection of review articles that evaluate the results presented at the Geneva Conference on the neutron physics ..."
=111  2\$aInternational conference for the Peaceful uses of atomic energy$d(1955 :$cGeneva)
=080  \\$a621.039:061.3
=650  \7$aNuclear energy$vCongresses.$2inist
=650  \7$aEnergia atomica$vCongresos.$2inist
=005  20080124145918.0
=490  1\$aProgress in nuclear energy. Series 1. Physics and mathematics ;$v2 vol.
=001  013763
=040  \\$aarbccab$bspa
=003  AR-BCCAB
=942  \\$cBK
