=LDR  00000nam##22000005a#4500

=008  070221s1997####ck############100#0#eng#d
=245  10$aXVII congreso colombiana de física.
=260  \\$aSanta Fé de Bogotá, Colombia :$bUniversidad Nacional de Colombia,$c1997.
=300  \\$axi, 115-470 p. :$bfig.
=504  \\$aIncluye referencias bibliográficas e índice por autor.
=520  \\$aContains works presented at the 17th National Meeting of the Colombian Physical Society (ScF), Medellín, 23rd and 27th of June, 1997
=111  2\$aCongreso colombiana de física$n(17 :$d1997 :$cMedellín)
=711  2\$aNational Meeting of the Colombian Physical Society$n(17th :$d1997 :$cMedellín)
=080  \\$a53:061.3
=005  20070221090012.0
=650  \7$aPhysics$2inist
=650  \7$aFísica$2inist
=650  \7$aCongresses.$2inist
=650  \7$aCongresos.$2inist
=490  1\$aRevista Colombiana de Fisica,$vv. 29, no. 2$x0120-2650 ;
=001  013766
=040  \\$aarbccab$bspa
=003  AR-BCCAB
=942  \\$cBK
