=LDR  00000nam##22000005a#4500

=001  013832
=008  070222s1994####ag#a###f######001#0#spa#d
=245  10$aIntroducción al cómputo /$cHoracio Fontanini [y] Erwin Galdoz.
=260  \\$c1994.
=300  \\$aiv, 81 h. :$bil. ;$c30 cm.
=520  \\$aApuntes de las carreras: Licenciatura en Física e Ingeniería Nuclear del Instituto Balseiro
=500  \\$aIncluye índice.
=100  1\$aFontanini, Horacio.
=700  1\$aGaldoz, Erwin,$ecoautor.
=080  \\$a681.3
=650  \7$aComputers.$2inist
=650  \7$aOrdenadores.$2inist
=650  \7$aAlgorithms.$2inist
=650  \7$aComputer codes.$2inist
=650  \7$aAlgoritmos.$2inist
=650  \7$aCódigos para ordenadores.$2inist
=040  \\$aarbccab$bspa
=005  20120104140842.0
=003  AR-BCCAB
=942  \\$cBK
=952  \\$2udc$aARBCCAB$bARBCCAB$i15061$oAPUNTES$p15061$yBK
=952  \\$2udc$aARBCCAB$bARBCCAB$i18298$oAPUNTES Ej.2$p18298$yBK
