=LDR  00000nam##22000005a#4500

=008  070222s1998####ne############101#0#eng#d
=245  10$aSpectroscopic ellipsometry /$cGuest editors, R. W. Collins, E. D. Aspnes [and] E. A. Irene.
=260  \\$aAmsterdam :$bElsevier,$c1998.
=300  \\$ax, 850 p.
=504  \\$aIncluye referencias bibliográficas e índices.
=520  \\$aProceedings of the 2nd International Conference on Spectroscopy Ellipsometry, Charleston, South Carolina, USA
=111  2\$aInternational Conference on Spectroscopy Ellipsometry$n(2nd :$d1997 :$cCharleston, South Carolina, USA)
=080  \\$a533.9:061.3
=005  20070223065728.0
=650  \7$aThin films$2inist
=650  \7$aOptics$2inist
=650  \7$aCapas finas$2inist
=650  \7$aCongresos.$2inist
=650  \7$aOptica$2inist
=650  \7$aCongresses.$2inist
=700  1\$aCollins, R. W,$eed.$4edt
=700  1\$aAspnes, E. D.,$eed.$4edt
=700  1\$aIrene, E.A.,$eed.$4edt
=490  1\$aThin Solid Films,$vv. 313-314$x0040-6090 ;
=001  013837
=040  \\$aarbccab$bspa
=003  AR-BCCAB
=942  \\$cBK
