=LDR  00000nam##22000005a#4500

=008  070222s1986####ne############101#0#eng#d
=245  10$aWorkshop on silicides.
=260  \\$aAmsterdam :$bElsevier,$c1986.
=300  \\$a188 p.
=504  \\$aIncluye referencias bibliográficas e índices.
=520  \\$a"The workshop on silicides and their use in microelectronics was held in Florence on October 10-11, 1985". -- pref.
=111  2\$aWorkshop on silicides and their use in microelectronics$d(1985 :$cFlorence)
=080  \\$a533.9:061.3
=005  20070222124738.0
=650  \7$aThin films$2inist
=650  \7$aOptics$2inist
=650  \7$aCapas finas$2inist
=650  \7$aCongresos.$2inist
=650  \7$aOptica$2inist
=650  \7$aCongresses.$2inist
=700  1\$aPaoletti, A,$eorganizer.$4orm
=700  1\$aOttaviani, G.,$eprogrammer.$4prg
=490  1\$aThin Solid Films,$vv. 140, no. 1$x0040-6090 ;
=001  013838
=040  \\$aarbccab$bspa
=500  \\$aChairman of the organizing committee, A. Paoletti ; Chairman of the Programme Committee, G. Ottaviani.
=500  \\$aTítulo de tapa.
=003  AR-BCCAB
=942  \\$cBK
