=LDR  00000nam##22000005a#4500

=245  10$aInterface databook /$cNational Semiconductor.
=260  \\$aSanta Clara, California :$bNational Semiconductor,$c1996.
=300  \\$a1 v. (varias paginaciones) :$bfig.
=504  \\$aIncluye referencias bibliográficas.
=520  \\$aLVDS circuits, bus circuits, data transmition circuits, system design guide
=740  0\$aNational Interface Databook
=080  \\$a621.374
=650  \7$aDigital circuits$2inist
=650  \7$aCircuitos digitales$2inist
=008  070223s1996####cau###########000#0#eng#d
=005  20070223101611.0
=001  013860
=040  \\$aarbccab$bspa
=500  \\$aTítulo de tapa: National Interface Databook.
=003  AR-BCCAB
=942  \\$cBK
=952  \\$2udc$aARBCCAB$bARBCCAB$d1997-02-13$g$i15871$o621.374 N213 N$p15871$yBK
