=LDR  00000nam##22000005a#4500

=008  070226s1999####enka###f#b####000#0#eng#d
=245  00$aSpecial issue LAD 1982-1988 :$bthe first ISIS diffractometer.
=260  \\$aBristol :$bInstitute of physics,$c1999.
=300  \\$ap. 9127-9302 :$bfiguras ;$c25 cm.
=520  \\$aPapers from a meeting held in March 1999 "to celebrate the contribution of LAD to the study fo disordered materials"--Pref.
=504  \\$aIncluye referencias bilbiograficas.
=711  2\$aMeeting to celebrate the contribution of LAD to the study fo disordered materials$d(1999)
=740  0\$aLiquids and Amorphous Diffractometer.
=080  \\$a539.125.5:061.3
=030  \\$aJCOMEL
=005  20070226082047.0
=650  \0$aNeutron diffraction$vCongresses.
=650  \7$aDifracción de neutrones$2inist
=650  \7$aCongresos.$2inist
=650  \7$aDiffractometers$2inist
=650  \7$aDifractometros$2inist
=700  1\$aHannon, Alex,$eed.$4edt
=490  1\$aJournal of physics. Condensed matter 1999,$vv. 11, no. 47$x0953-8984 ;
=001  013878
=040  \\$aarbccab$bspa
=500  \\$aEditado por: Alex Hannon.
=500  \\$aTítulo de la cubierta.
=856  4\$3IOP Journal$uhttp://www.iop.org/EJ/journal/JPhysCM
=003  AR-BCCAB
=942  \\$cBK
