=LDR  00000nam##22000005a#4500

=008  070321s2006####nyua###f#b####100#0#eng#d
=245  10$aSEUs indiced by thermal to high-energy neutrons in SRAMs /$cThomas Granlund and Nils Olsson.
=300  \\$a4 p. :$bil. ;$c28 cm.
=520  3\$aWe report on experimetnal SEU studies using thermal and high-energy neutrons, conducted at the TRIUNF facility, Vancouver. Different SRAM samples were used an many samples showed to be highly susceptible to thermal neutrons. Morover, a considerable part of the total SEU-rate, at high altitudes as well as down at sea level, may be attributed to thermal neutrons for RAM based devices.
=504  \\$aBibliografía: p. [4].
=773  0\$7||as$tIEEE Transactions on Nuclear Science$gvol. 53, no. 6, pt. 2 (Dec. 2006), p. 3798-3802.
=100  1\$aGranlund, Thomas.
=700  1\$aOlsson, Nils.
=711  2\$aRadiation and Its Effects on Components and Systems Conferences$d(2005 :$cCap d' Agde, France)
=650  \7$aRadiation effects$vCongresses.$2inist
=650  \7$aElectronic equipment$vCongresses.$2inist
=650  \7$aRadiations$vCongresses.$2inist
=650  \7$aEfectos de las radiaciones$vCongresos.$2inist
=650  \7$aEquipo electrónico$vCongresos.$2inist
=650  \7$aRadiaciones$vCongresos.$2inist
=005  20070321114637.0
=001  013999
=040  \\$aarbccab$bspa
=500  \\$aTrabajo presentado en: 2005 Radiation and Its Effects on Components and Systems (RADECS) Conferences, Palais des Congrès, Cap d' Agde, France, September 19-23, 2005.
=003  AR-BCCAB
=942  \\$cBK
