=LDR  00000naa##22000005a#4500

=001  014310
=008  940322s1991####xx#####f###b#############
=245  10$aFractal growth$h[recurso electrónico] :$bdemonstrations of fractal aggregation models /$cby Mária Vicsek and Tamás Vicsek.
=256  \\$aPrograma electrónico.
=260  \\$a[s.l. :$bs.n.],$cc1991.
=300  \\$a1 CD-ROM ;$c12 cm. +$e1 user's manual (23 p.)
=538  \\$aRequerimientos del sistema: IBM XT, AT, o PC compatible ; DOS. Source files in Turbo Pascal.
=530  \\$aDisponible también en disco de computadora ; 3 1/2 plg.
=520  \\$aContains twelve menu-driven programs that demonstrate how aggregation phenomena may lead to objects with non-integer dimensionality. Designed to complement Tamás Vicsek's Fractal growth phenomena.
=500  \\$aTítulo del envase.
=100  1\$aVicsek, Mária.
=700  1\$aVicsek, Tamás.
=700  1\$aVicsek, Tamás.$tFractal growth phenomena.
=753  \\$aIBM XT$cDOS
=080  \\$a514.11
=650  \7$aFractals$2inist
=650  \7$aComputerized simulation$2inist
=650  \7$aFractales$2inist
=650  \7$aSimulación computerizada$2inist
=041  0\$geng
=040  \\$aDLC$cDLC$bspa$darbccab
=005  20141105124547.0
=003  AR-BCCAB
=942  \\$cBK
=952  \\$2udc$aARBCCAB$bARBCCAB$i20257$o514.11 V664 CD-ROM$p20257$yVM
=952  \\$2udc$aARBCCAB$bARBCCAB$i20255$o514.11 V664 Disquete$p20255$yBK
=952  \\$2udc$aARBCCAB$bARBCCAB$i20256$o514.11 V664 Manual$p20256$yBK
