=LDR  00000nmm##2200000#a#4500

=008  071011s1969####ag#a###f######000#0#spa#d
=245  13$aEl programa del alcohol en Brasil /$cJosé Roberto Moreira y José Goldemberg.
=300  \\$a9 p. :$bil. ;$c30 cm.
=520  \\$aEl etanol se está usando en Brasil como combustible puro o mezclado con gasolina. ¿Cuáles son los aspectos técnicos y económicos implicados en su proceso desde la fase agrícola hasta la industrial?
=773  0\$7||as$tInvestigación y Ciencia : edición en español de Scientific American.$dBarcelona : Prensa Científica, 1981$gno. 61 (oct. 1981), p. 96-104
=100  1\$aMoreira, José Roberto.
=700  1\$aJosé Goldemberg.
=043  \\$as-bl
=650  \7$aEthanol fuels.$2inist
=650  \0$aRenewable energy sources$zBrazil.
=650  \7$aCombustibles de etanol.$2inist
=650  \7$aRecursos energéticos renovables$zBrasil.$2lemb
=005  20071011133654.0
=001  014359
=040  \\$aarbccab$bspa
=003  AR-BCCAB
=942  \\$cBK
