=LDR  00000naa##22000005a#4500

=001  014712
=008  070905s2007####enkd###f#b####001#0#eng##
=245  10$aStatistical physics of fields /$cMehran Kardar.
=260  \\$aCambridge ;$aNew York :$bCambridge University Press,$c2007.
=300  \\$ax, 359 p. :$bil. ;$c25 cm.
=500  \\$aIncluye índice.
=520  \\$aWhile many scientists are familiar with fractals, fewer are familiar with scale-invariance and universality which underlie the ubiquity of their shapes. These properties may emerge from the collective behaviour of simple fundamental constituents, and are studied using statistical field theories. Initial chapters connect the particulate perspective developed in the companion volume, to the coarse grained statistical fields studied here. Based on lectures taught by Professor Kardar at MIT, this textbook demonstrates how such theories are formulated and studied. Perturbation theory, exact solutions, renormalization groups, and other tools are employed to demonstrate the emergence of scale invariance and universality, and the non-equilibrium dynamics of interfaces and directed paths in random media are discussed. Ideal for advanced graduate courses in statistical physics, it contains an integrated set of problems, with solutions to selected problems at the end of the book and a complete set available to lecturers at www.cambridge.org/9780521873413.
=020  \\$a9780521873413 (hbk.)
=020  \\$a052187341X (hbk.)
=100  1\$aKardar, Mehran.
=080  \\$a531.19:536.76
=650  \0$aStatistical physics.
=650  \7$aField theories.$2inist
=650  \7$aTeorías de campo.$2inist
=690  \\$aLicenciatura en Física
=690  \\$aMaestría en Ciencias Física
=010  \\$a##2007279232
=016  7\$a013708990$2Uk
=040  \\$aUKM$cUKM$dBAKER$dBTCTA$dYDXCP$dDLC$darbccab$bspa
=856  41$3Tapa$uhttps://images-na.ssl-images-amazon.com/images/I/41NLgAwFkEL.%5FSX379%5FBO1,204,203,200%5F.jpg
=856  42$3Indice$uhttp://campi.cab.cnea.gov.ar/tocs/23523.pdf
=005  20190507090054.0
=003  AR-BCCAB
=082  00$a530.14$222
=942  \\$cBK
=952  \\$2udc$aARBCCAB$bARBCCAB$d2008-11-14$eBlackwell$gU{dollar}S85.59$i20625$o531.19:536.76 K143 F$p20625$yBK
=952  \\$2udc$7NOT_LOAN$aARBCCAB$bARBCCAB$d2011-03-18$eIntelecnia$g$i014712_-21626$o531.19:536.76 K143 F Ej.2$p014712_-21626$yBK$zSe cargó con inventario repetido. No podemos determinar su existencia fìsica.
=952  \\$2udc$aARBCCAB$bARBCCAB$d2017-11-07$g$i23523$o531.19:536.76 K143 F Ej.3$p23523$yBK
=952  \\$2udc$aARBCCAB$bARBCCAB$d20190507$eColecciones Journal$g$i23806$o531.19:536.76 K143 F Ej.4$p23806$yBK
