=LDR  00000cam##22000007a#4500

=001  014713
=008  070803s2007####nyua###f######001#0#eng#d
=245  10$aStatistical physics of particles /$cMehran Kardar.
=260  \\$aCambridge ;$aNew York :$bCambridge University Press,$c2007.
=300  \\$ax, 320 p. :$bil. ;$c26 cm.
=500  \\$aIncluye índices.
=520  \\$aStatistical physics has its origins in attempts to describe the thermal properties of matter in terms of its constituent particles, and has played a fundamental role in the development of quantum mechanics. Based on lectures taught by Professor Kardar at MIT, this textbook introduces the central concepts and tools of statistical physics. It contains a chapter on probability and related issues such as the central limit theorem and information theory, and covers interacting particles, with an extensive description of the van der Waals equation and its derivation by mean field approximation. It also contains an integrated set of problems, with solutions to selected problems at the end of the book and a complete set of solutions is available to lecturers on a password protected website at www.cambridge.org/9780521873420. A companion volume, Statistical Physics of Fields, discusses non-mean field aspects of scaling and critical phenomena, through the perspective of renormalization group.
=020  \\$a9780521873420
=020  \\$a0521873428
=100  1\$aKardar, Mehran.
=080  \\$a531.19:536.76
=650  \0$aStatistical mechanics$vTextbooks.
=650  \0$aStatistical physics$vTextbooks.
=650  \7$aStatistical mechanics$2inist
=650  \7$aMecánica estadística.$2inist
=010  \\$a##2007298691
=050  00$aQC174.8$b.K37 2007
=040  \\$aBTCTA$cBTCTA$dBAKER$dYDXCP$dTXA$dKSU$dDLC$darbccab$bspa
=856  42$3Tapa$uhttps://images-na.ssl-images-amazon.com/images/I/51PDFWn9jfL.%5FSX218%5FBO1,204,203,200%5FQL40%5F.jpg
=856  41$3Indice$uhttp://campi.cab.cnea.gov.ar/tocs/23524.pdf
=005  20171107145712.0
=003  AR-BCCAB
=082  00$a530.13$222
=942  \\$cBK
=952  \\$2udc$aARBCCAB$bARBCCAB$d2008-11-14$eBlackwell$gU{dollar}S85.59$i20624$o531.19:536.76 K143$p20624$yBK
=952  \\$2udc$aARBCCAB$bARBCCAB$d2010-07-02$i21211$o531.19:536.76 K143 Ej.2$p21211$yBK
=952  \\$2udc$aARBCCAB$bARBCCAB$d2011-03-25$eIntelecnia$g$i21626$o531.19:536.76 K143 Ej.3$p21626$yBK
=952  \\$2udc$aARBCCAB$bARBCCAB$d2011-04-30$i21697$o531.19:536.76 K143 Ej.4$p21697$yBK
=952  \\$2udc$aARBCCAB$bARBCCAB$d2017-11-07$g$i23524$o531.19:536.76 K143 Ej.5$p23524$yBK
