=LDR  00000cam##22000007a#4500

=001  015610
=008  090205s2006####xxud###f#b####001#0#eng##
=245  10$aElements of information theory /$cThomas M. Cover, Joy A. Thomas.
=250  \\$a2nd ed.
=260  \\$aHoboken, NJ :$bWiley,$cc2006.
=300  \\$axxiii, 748 p. ;$c25 cm.
=504  \\$aIncluye referencia bibliográficas (p. 689-721) e índices.
=500  \\$aIncluye problemas al final de cada capítulo.
=520  \\$aatest edition of this classic is updated with new problem sets and material The Second Edition of this fundamental textbook maintains the book's tradition of clear, thought-provoking instruction. Readers are provided once again with an instructive mix of mathematics, physics, statistics, and information theory. All the essential topics in information theory are covered in detail, including entropy, data compression, channel capacity, rate distortion, network information theory, and hypothesis testing. The authors provide readers with a solid understanding of the underlying theory and applications. Problem sets and a telegraphic summary at the end of each chapter further assist readers. The historical notes that follow each chapter recap the main points. The Second Edition features: * Chapters reorganized to improve teaching * 200 new problems * New material on source coding, portfolio theory, and feedback capacity * Updated references Now current and enhanced, the Second Edition of Elements of Information Theory remains the ideal textbook for upper-level undergraduate and graduate courses in electrical engineering, statistics, and telecommunications. An Instructor's Manual presenting detailed solutions to all the problems in the book is available from the Wiley editorial department.
=020  \\$a0471241954
=020  \\$a9780471241959
=100  1\$aCover, T. M.,$d1938-
=700  1\$aThomas, Joy A.
=080  \\$a621.391
=650  \7$aInformation Theory.$2inist
=650  \7$aTeoría de la información.$2inist
=010  \\$a###90045484#
=040  \\$aDLC$cDLC$dDLC$darbccab$bspa
=856  41$uhttp://ecx.images-amazon.com/images/I/51e6wVjUgBL.%5FAA160%5F.jpg$3Tapa
=856  41$uhttp://campi.cab.cnea.gov.ar/tocs/20716.pdf$3Indice
=005  20190507093119.0
=003  AR-BCCAB
=942  \\$cBK
=952  \\$2udc$aARBCCAB$bARBCCAB$d2009-02-06$g$i20716$o621.391 C688 Ed.2$p20716$yBK
=952  \\$2udc$aARBCCAB$bARBCCAB$d2009-02-06$g$i20715$o621.391 C688 Ed.2 Ej.2$p20715$yBK
=952  \\$2udc$aARBCCAB$bARBCCAB$d2009-02-06$g$i20714$o621.391 C688 Ed.2 Ej.3 Ej.3$p20714$yBK
=952  \\$2udc$aARBCCAB$bARBCCAB$i22996$o621.391 C688 Ed.2 Ej.4$p22996$yBK
=952  \\$2udc$aARBCCAB$bARBCCAB$d2019-02-11$eEdiciones Journal$g$i23817$o621.391 C688 Ed.2 Ej.5$p23817$yBK
