=LDR  00000nam##2200000#a#4500

=008  070622s2007####nyuab##f#b####001#0deng#d
=245  14$aThe Poincaré conjecture :$bin search of the shape of the universe /$cDonal O'Shea.
=250  \\$a1st U.S. ed.
=260  \\$aNew York :$bWalker & Co. :$bDistributed to the trade by Holtzbrinck Publishers,$c2007.
=300  \\$aix, 293 :$bil., maps ;$c25 cm.
=520  \\$aConceived in 1904, the Poincaré conjecture, a puzzle that speaks to the possible shape of the universe and lies at the heart of modern topology and geometry, has resisted attempts by generations of mathematicians to prove or to disprove it.  Despite a million-dollar prize for a solution, Russian mathematician Grigory Perelman, posted his solution on the Internet instead of publishing it in a peer-reviewed journal. This book "tells the story of the fascinating personalities, institutions, and scholarship behind the centuries of mathematics that have led to Perelman's dramatic proof."  The author also chronicles dramatic events at the 2006 International Congress of Mathematicians in Madrid, where Perelman was awarded a Fields Medal for his solution, which he declined.
=504  \\$aBibliografía: p. 259-272.
=505  0\$aCambridge, April 2003 -- The shape of the earth -- Possible worlds -- The shape of the universe -- Euclid's geometry -- The non-Euclideans -- Bernhard Riemann's probationary lecture -- Riemann's legacy -- Klein and Poincaré -- Poincaré's topological papers -- The great savants -- The conjecture takes hold -- Higher dimensions -- A solution in the new millennium -- Madrid, August 2006.
=020  \\$a080271532X
=020  \\$a9780802715326
=100  1\$aO'Shea, Donal.
=711  2\$aInternational Congress of Mathematicians$d(2006 :$cMadrid, Spain)
=080  \\$a515.14
=600  10$aPoincaré, Henri,$d1854-1912.
=600  10$aPerelman, Grigori,$d1966-
=650  \0$aAlgebraic topology.
=650  \0$aMathematics$xAwards$xHistory.
=650  \0$aMathematicians$xHistory.
=650  \7$aAlgebra$xTopología.$2inist
=010  \\$a##2007310348
=050  00$aQA612$b.O83 2007
=005  20090406100202.0
=001  015746
=040  \\$aNPUBL$cNPUBL$dNPUBL$dYDXCP$dBTCTA$dDPL$dPSM$dYBM$dBAKER$dVP@$dDLC$darbccab$bspa
=500  \\$aIncluye índice.
=856  42$3Información biográfica$uhttp://www.loc.gov/catdir/enhancements/fy0730/2007310348-b.html
=856  42$3Descripción$uhttp://www.loc.gov/catdir/enhancements/fy0730/2007310348-d.html
=856  41$3Extracto del texto$uhttp://www.loc.gov/catdir/enhancements/fy0730/2007310348-s.html
=003  AR-BCCAB
=082  04$a514/.2$222
=942  \\$cBK
=952  \\$2udc$aARBCCAB$bARBCCAB$d2009-04-03$i20858$o515.14 O41$p20858$yBK
