=LDR  00000cam##22000007a#4500

=001  016006
=008  010104s2001####njua###f#b####001#0#eng##
=245  10$aIntroduction to nuclear engineering /$cJohn R. Lamarsh, Anthony J. Baratta.
=250  \\$a3rd ed.
=260  \\$aUpper Saddle River, N.J. :$bPrentice Hall,$cc2001.
=300  \\$axv, 783 p. :$bil. ;$c25 cm.
=490  0\$aAddison-Wesley series in nuclear science and engineering
=504  \\$aIncluye referencias bibliográficas e índice.
=520  \\$aOffering the most current and complete introduction to nuclear engineering available, this book contains new information on French, Russian, and Japanese nuclear reactors. All units have been revised to reflect current standards. Includes discussions of new reactor types including the AP600, ABWR, and SBWR as well as an extensive section on non-US design reactors; the nuclear Navy and its impact on the development of nuclear energy; binding energy and such topics as the semi-empirical mass formula and elementary quantum mechanics; and solutions to the diffusion equation and a more general derivation of the point kinetics equation. Topics in reactor safety include a complete discussion of the Chernobyl accident and an updated section on TMI and the use of computer codes in safety analysis. For nuclear engineers.
=020  \\$a0201824981 (alk. paper)
=100  1\$aLamarsh, John R.
=700  1\$aBaratta, Anthony John,$d1945-
=080  \\$a621.039
=650  \7$aNuclear engineering.$2inist
=650  \7$aNuclear reactors.$2inist
=650  \7$aIngeniería nuclear.$2inist
=650  \7$aReactores.$2inist
=690  \\$aIngeniería nuclear$bFísica moderna
=690  \\$aIngeniería nuclear$bProtección radiológica
=010  \\$a##2001016394
=050  00$aTK9145$b.L28 2001
=040  \\$aDLC$cDLC$dDLC$darbccab$bspa
=856  41$3Tapa$uhttps://images-na.ssl-images-amazon.com/images/I/41GBGJriVdL.%5FSX355%5FBO1,204,203,200%5F.jpg
=005  20190730160722.0
=003  AR-BCCAB
=082  00$a621.48$221
=942  \\$cBK
=952  \\$2udc$aARBCCAB$bARBCCAB$d2010-05-14$eAmazon$gU{dollar}S131.24$i21154$o621.039 L163$p21154$yBK
=952  \\$2udc$aARBCCAB$bARBCCAB$d2010-05-14$eAmazon$gU{dollar}S131.24$i21155$o621.039 L163 Ej.2$p21155$yBK
=952  \\$2udc$aARBCCAB$bARBCCAB$d2010-05-14$eAmazon$gU{dollar}S131.24$i21156$o621.039 L163 Ej.3$p21156$yBK
=952  \\$2udc$aARBCCAB$bARBCCAB$d2010-05-14$eAmazon$gU{dollar}S131.24$i21158$o621.039 L163 Ej.5$p21158$yBK
=952  \\$2udc$aARBCCAB$bARBCCAB$d2010-05-14$eAmazon$gU{dollar}S131.24$i21159$o621.039 L163 Ej.6$p21159$yBK
=952  \\$2udc$aARBCCAB$bARBCCAB$d2011-09-02$eM&A$gU{dollar}S214$i21807$o621.039 L163 Ej.7$p21807$yBK
=952  \\$2udc$aARBCCAB$bARBCCAB$d2011-09-02$eM&A$gU{dollar}S214$i21808$o621.039 L163 Ej.8$p21808$yBK
=952  \\$2udc$aARBCCAB$bARBCCAB$i23923$o621.039 L163 Ej.9$p23923$yBK
=952  \\$2udc$aARBCCAB$bARBCCAB$d2010-05-14$eAmazon$gU{dollar}S131.24$i21157$o621.039 L163 PERDIDO Ej.4$p21157$yBK
