=LDR  00000cam##2200000#a#4500

=001  016796
=008  100501s2009####gw#d###f#b####001#0#eng##
=245  12$aA modern course in statistical physics /$cby Linda E. Reichl.
=250  \\$a3rd rev. and updated ed.
=260  \\$aWeihheim :$bWiley,$cc2009.
=300  \\$axvi, 411 p. :$bil. ;$c24 cm.
=504  \\$aIncluye referencias bibliográficas (p. 397-401) e índice.
=520  \\$aGoing beyond traditional textbook topics, 'A Modern Course in Statistical Physics' incorporates contemporary research in a basic course on statistical mechanics. From the universal nature of matter to the latest results in the spectral properties of decay processes, this book emphasizes the theoretical foundations derived from thermodynamics and probability theory underlying all concepts in statistical physics. This completely revised and updated third edition continues the comprehensive coverage of numerous core topics and special applications, allowing professors flexibility in designing individualized courses. The inclusion of advanced topics and extensive references makes this an invaluable resource for researchers as well as students -- a textbook that will be kept on the shelf long after the course is completed.
=020  \\$a9783527407828
=100  1\$aReichl, L. E.
=080  \\$a530.145
=650  \0$aStatistical physics.
=650  \7$aStatistical mechanics.$2inist
=650  \7$aThermodynamics.$2inist
=650  \7$aMecánica estadística.$2inist
=650  \7$aTermodinámica.$2inist
=690  \\$aMaestría en Ciencias Físicas$bMecánica estadística
=010  \\$a##2010287506
=040  \\$aDLC$bspa$darbccab$cDLC$dDLC
=050  00$aQC174.8$b.R44 2009
=856  41$uhttps://images-na.ssl-images-amazon.com/images/I/51KLNAoTb7L.%5FSX349%5FBO1,204,203,200%5F.jpg$3Tapa
=856  41$uhttp://campi.cab.cnea.gov.ar/tocs/23234.pdf$3Indice
=856  41$3Información biográfica$uhttp://www.loc.gov/catdir/enhancements/fy1009/2010287506-b.html
=005  20161205110408.0
=003  AR-BCCAB
=942  \\$cBK
=952  \\$2udc$aARBCCAB$bARBCCAB$d2010-12-03$eJournal$g$i21439$o531.19:536.76 R271 Ed.3 Rev.$p21439$yBK
=952  \\$2udc$aARBCCAB$bARBCCAB$d20161028$eCiencia y Técnica$g$i23234$o531.19:536.76 R271 Ed.3 Rev. Ej.2$p23234$yBK
