=LDR  00000cam##2200000#a#4500

=001  016800
=008  081020s2009####enkd###f#b####001#0#eng##
=245  10$aQuantum mechanics :$bconcepts and applications /$cNouredine Zettili.
=250  \\$a2nd ed.
=260  \\$aChichester, U.K. :$bWiley,$cc2009.
=300  \\$axvi, 671 p. :$bil. ;$c26 cm.
=504  \\$aIncluye referencias bibliográficas e índice.
=520  \\$aQuantum Mechanics: Concepts and Applications provides a clear, balanced and modern introduction to the subject. Written with the student's background and ability in mind the book takes an innovative approach to quantum mechanics by combining the essential elements of the theory with the practical applications: it is therefore both a textbook and a problem solving book in one self-contained volume. Carefully structured, the book starts with the experimental basis of quantum mechanics and then discusses its mathematical tools. Subsequent chapters cover the formal foundations of the subject, the exact solutions of the Schrodinger equation for one and three dimensional potentials, time-independent and time-dependent approximation methods, and finally, the theory of scattering. The text is richly illustrated throughout with many worked examples and numerous problems with step-by-step solutions designed to help the reader master the machinery of quantum mechanics. The new editionhas beencompletely updated and a solutions manual is available on request. Suitable for senior undergradutate courses and graduate courses.
=020  \\$a9780470026786 (cloth : alk. paper)
=020  \\$a0470026782 (cloth : alk. paper)
=020  \\$a9780470026793 (pbk. : alk. paper)
=020  \\$a0470026790 (pbk. : alk. paper)
=100  1\$aZettili, Nouredine.
=080  \\$a530.145
=650  \7$aQuantum mechanics.$2inis
=650  \7$aMecánica cuántica.$2inis
=010  \\$a##2008045022
=040  \\$aDLC$bspa$darbccab$cDLC$dBTCTA$dBWKUK$dYDXCP$dBWK$dCDX$dBWX$dDLC
=856  41$uhttps://images-na.ssl-images-amazon.com/images/I/51eX6AJkLQL.%5FSX331%5FBO1,204,203,200%5F.jpg$3Tapa
=856  41$uhttp://campi.cab.cnea.gov.ar/tocs/23779.pdf$3Índice
=005  20190314161857.0
=003  AR-BCCAB
=942  \\$cBK
=952  \\$2udc$aARBCCAB$bARBCCAB$d2010-12-03$eJournal$g$i21452$o530.145 Z57 Ed.2$p21452$yBK
=952  \\$2udc$aARBCCAB$bARBCCAB$d2019-01-18$eNuñez, Alfredo$g$i23779$o530.145 Z57 Ed.2 Ej.2$p23779$yBK
