=LDR  00000cam##2200000#a#4500

=001  017053
=008  960814s1997####nyua###f#b####001#0#eng##
=245  12$aA course in digital signal processing /$cBoaz Porat.
=260  \\$aNew York :$bJohn Wiley,$c1997.
=300  \\$axxvi, 602 p. :$bil. ;$c27 cm.
=504  \\$aIncluye referencias bibliográficas (p. 591-595) e índice.
=520  \\$aA comprehensive, practical and up-to-date exposition on digital signal processing. Both mathematical and useful, this book uses a rigorous approach to help readers learn the theory and practice of DSP. It discusses practical spectral analysis, including the use of windows for spectral analysis, sinusoidal signal analysis, and the effect of noise. It also covers FIR and IIR filters, including detailed design procedures and MATLAB tools.
=020  \\$a0471149616 (alk. paper)
=100  1\$aPorat, Boaz.
=080  \\$a621.374
=650  \7$aSignal processing$xdigital techniques.$2Lemb
=650  \7$aProcesamiento de señales$xtécnicas digitales.$2Lemb
=690  \\$aIngeniería en Telecomunicaciones
=010  \\$a###96038470#
=040  \\$aDLC$bspa$darbccab$cDLC$dDLC
=856  41$3Tapa$uhttps://images-na.ssl-images-amazon.com/images/I/41hrqT01VNL.%5FAC%5FUS160%5F.jpg
=856  41$3Indice$uhttp://campi.cab.cnea.gov.ar/tocs/23108.pdf
=005  20160725111133.0
=003  AR-BCCAB
=082  00$a621.382/2$220
=942  \\$cBK
=952  \\$2udc$aARBCCAB$bARBCCAB$d2010-12-24$eJournal$g$i21524$o621.374 P82$p21524$yBK
=952  \\$2udc$aARBCCAB$bARBCCAB$d20160720$eCiencia y Técnica$g$i23108$o621.374 P82 Ej.2$p23108$yBK$zFondo de Telecomunicaciones
