=LDR  00000pam##2200000#a#4500

=001  017060
=008  110105s2007####ag#d###f#b####001#0#spa#d
=245  10$aFundamentos de manufactura moderna :$bmateriales, procesos y sistemas /$cMikell P. Groover.
=250  \\$a3a ed.
=260  \\$aMéxico ;$aBuenos Aires :$bMcGraw-Hill,$c2007.
=300  \\$axii, 1022 p. :$bil., fot byn ;$c30 cm.
=504  \\$aIncluye referencias bibliográficas e índice.
=520  \\$aINTRODUCCION Y PANORAMA DE LA MANUFACTURA 1.1. Que es la manufactura? 1.2. Los materiales en la manufactura 1.3. Procesos de manufactura 1.4. Sistemas de produccion 1.5. Organizacion del libro Parte I. Propiedades de los materiales y atributos del producto 2. LA NATURALEZA DE LOS MATERIALES 2.1. Estructura atomica y los elementos 2.2. Enlaces entre atomos y moleculas 2.3. Estructuras cristalinas 2.4. Estructuras no cristalinas (amorfas) 2.5. Materiales de ingenieria 3. PROPIEDADES MECANICAS DE LOS MATERIALES 3.1. Relaciones esfuerzo-deformacion 3.2. Dureza 3.3. Efecto de la temperatura sobre las propiedades 3.4. Propiedades de los fluidos 3.5. Comportamiento viscoelastico de los polimeros 4. PROPIEDADES FISICAS DE LOS MATERIALES 4.1. Propiedades volumetricas y de fusion 4.2. Propiedades termicas 4.3. Difusion de masa 4.4. Propiedades electricas 4.5. Procesos electroquimicos 5. DIMENSIONES TOLERANCIAS Y SUPERFICIES 5.1. Dimensiones tolerancias y atributos relacionados 5.2. Superficies 5.3. Efecto de los procesos de manufactura Parte II. Materiales de la ingenieria 6. Metales 6.1. Aleaciones y diagramas de fase 6.2. Metales ferrosos 6.3. Metales no ferrosos 6.4. Superaleaciones 6.5. Guia para el procesamiento de metales 7. CERAMICOS 7.1. Estructura y propiedades de los ceramicos 7.2. Ceramicos tradicionales 7.3. Nuevos materiales ceramicos 7.4. Vidrio 7.5. Algunos elementos importantes relacionados con los ceramicos 7.6. Guia para el procesamiento de los materiales ceramicos 8. POLIMEROS 8.1. Fundamentos de la ciencia y tecnologia de los polimeros 8.2. Polimeros termoplasticos 8.3. Polimeros termofijos 8.4. Elastomeros 8.5. Guia para el procesamiento de polimeros 9. MATERIALES COMPUESTOS 9.1. Tecnologia y clasificacion de los materiales compuestos 9.2. Compuestos de matriz metalica 9.3. Compuestos de matriz cera
=020  \\$a970106240X
=020  \\$a9789701062401
=100  1\$aGroover, Mikell P.,$d1939-
=246  3\$iTítulo original:$aFundamentals of modern manufacturing, materials, processes and systems
=080  \\$a67.02
=650  \7$aManufacturing processes.$2lemb
=650  \7$aProduction engineering.$2lemb
=650  \7$aProcesos de manufactura.$2lemb
=650  \7$aIngeniería de la producción.$2lemb
=040  \\$aarbccab$bspa
=041  1\$aspa$heng
=856  41$uhttps://images-na.ssl-images-amazon.com/images/I/41d08JYrt1L.%5FSX380%5FBO1,204,203,200%5F.jpg$3Tapa
=856  41$uhttp://campi.cab.cnea.gov.ar/tocs/23675.pdf$3Indice
=005  20181217120715.0
=003  AR-BCCAB
=942  \\$cBK
=952  \\$2udc$aARBCCAB$bARBCCAB$d2011-01-07$eJournal$g$i21531$o67.02 G898 e Ed.3$p21531$yBK
=952  \\$2udc$aARBCCAB$bARBCCAB$d2012-06-08$eM&A$gU{dollar}S179$i22030$o67.02 G898 e Ed.3 Ej.2$p22030$yBK
=952  \\$2udc$aARBCCAB$bARBCCAB$d20180815$i23675$o67.02 G898 e Ed.3 Ej.3$p23675$yBK
