=LDR  00000nam##22000005a#4500

=001  017086
=008  100504s2010####njua###f#b####001#0#eng##
=245  10$aRadiation detection and measurement /$cGlenn F. Knoll.
=250  \\$a4th ed.
=260  \\$aHoboken, N.J. :$bWiley,$cc2010.
=263  \\$a1007
=300  \\$axxvi, 830 p. :$bil. ;$c26 cm.
=504  \\$aIncluye referencias bibliográficas e índice.
=520  \\$a"This is the resource that engineers turn to in the study of radiation detection. The fourth edition takes into account the technical developments that continue to enhance the instruments and techniques available for the detection and spectroscopy of ionizing radiation. New coverage is presented on ROC curves, micropattern gas detectors, new sensors for scintillation light, and the excess noise factor. Revised discussions are also included on TLDs and cryogenic spectrometers, radiation backgrounds, and the VME standard. Engineers will gain a strong understanding of the field with this updated book."--$cProvided by publisher.
=020  \\$a9780470131480 (hardback)
=100  1\$aKnoll, Glenn F.
=080  \\$a539.1.074
=650  \0$aNuclear counters.
=650  \0$aRadiation$xMeasurement.
=650  \7$aRadiation detection.$2inist
=650  \7$aActivity meters.$2inist
=650  \7$aDetección de la radiación.$2inist
=650  \7$aMedidores de radiactividad.$2inist
=690  \\$aIngeniería nuclear$bFísica moderna
=690  \\$aIngeniería nuclear$bMediciones nucleares
=010  \\$a##2010019070
=040  \\$aDLC$bspa$darbccab$cDLC
=050  00$aQC787.C6$bK56 2010
=005  20150714154849.0
=003  AR-BCCAB
=082  00$a539.7/7$222
=942  \\$cBK
=952  \\$2udc$aARBCCAB$bARBCCAB$d2011-01-21$eM&A$g$i21575$o539.1.074 K755 Ed.4$p21575$yBK
=952  \\$2udc$aARBCCAB$bARBCCAB$d2012-11-09$eM&A$gU{dollar}S178.81$i22195$o539.1.074 K755 Ed.4 Ej.2$p22195$yBK
