=LDR  00000cam##2200000#a#4500

=001  017090
=008  070713s2008####njud###f#b####001#0#eng##
=245  10$aFPGA prototyping by VHDL examples :$bXilinx Spartan-3 version /$cPong P. Chu.
=260  \\$aHoboken, N.J. :$bWiley-Interscience,$cc2008.
=300  \\$axxv, 440 p. :$bil. ;$c26 cm.
=504  \\$aIncluye referencias bibliográficas (p. 437-438) e índice.
=520  \\$aThis book uses a "learn by doing" approach to introduce the concepts and techniques of VHDL and FPGA to designers through a series of hands-on experiments. FPGA Prototyping by VHDL Examples provides a collection of clear, easy-to-follow templates for quick code development; a large number of practical examples to illustrate and reinforce the concepts and design techniques; realistic projects that can be implemented and tested on a Xilinx prototyping board; and a thorough exploration of the Xilinx PicoBlaze soft-core microcontroller.
=020  \\$a9780470185315 (cloth : alk. paper)
=020  \\$a0470185317 (cloth : alk. paper)
=100  1\$aChu, Pong P.,$d1959-
=246  3\$aField programmable gate array prototyping by VHSIC hardware description language examples
=080  \\$a681.326
=650  \0$aField programmable gate arrays$xDesign and construction.
=650  \0$aPrototypes, Engineering.
=650  \0$aVHDL (Computer hardware description language)
=690  \\$aIngeniería en Telecomunicaciones
=010  \\$a##2007029063
=016  7\$a014235241$2Uk
=040  \\$aDLC$cDLC$dBAKER$dBTCTA$dYDXCP$dUKM$dC#P$dDLC$darbccab$bspa
=856  41$uhttps://images-na.ssl-images-amazon.com/images/I/515u6x-0F6L.%5FSX333%5FBO1,204,203,200%5F.jpg$3Tapa
=856  41$uhttp://campi.cab.cnea.gov.ar/tocs/23228.pdf$3Indice
=856  41$3Información biográfica$uhttp://www.loc.gov/catdir/enhancements/fy0806/2007029063-b.html
=005  20180323154502.0
=003  AR-BCCAB
=082  00$a621.39/5$222
=942  \\$cBK
=952  \\$2udc$aARBCCAB$bARBCCAB$d2011-01-21$eM&A$gU{dollar}S110$i21565$o681.326 Ch470 F$p21565$yBK
=952  \\$2udc$aARBCCAB$bARBCCAB$d20180323$eCiencia y Técnica$g$i23228$o681.326 Ch470 F Ej.2$p23228$yBK
=952  \\$2udc$aARBCCAB$bARBCCAB$d18-01-29$g$i23571$o681.326 Ch470 F Ej.3$p23571$yBK
