=LDR  00000cam##2200000#a#4500

=001  017099
=008  110122s1999####mx#a###f#b####001#0#spa#d
=245  10$aIngeniería ambiental /$cJ. Glynn Henry y Gary W. Heinke.
=250  \\$a2a ed.
=260  \\$aMéxico ;$aArgentina :$bPrentice Hall Hispanoamérica,$c1999.
=300  \\$axxii, 778 p. :$bil. ;$c26 cm.
=504  \\$aIncluye referencias bibliográficas e índices.
=505  0\$a1. Causas de los problemas ambientales. 2. Naturaleza y alcance delos problemas ambientales. 3. Crecimiento de la población y crecimiento económico. 4. Crecimiento de la energía. 5. Peligros ambientales naturales. 6. Perturbaciones ambientales de origen humano. 7. Bases científicas. 8. Física y química. 9. Ciencias de la atmósfera. 10. Microbiología y epidemiología. 11. Ecología. 12. Tecnología y control. 13. Recursos hidráulicos. 14. Abastecimiento de agua. 15. Contaminación del agua. 16. Contaminación del aire. 17. Residuos sólidos. 18. Residuos peligrosos. 19. Administración del ambiente. Apéndice A. Símbolos, dimensiones y unidades. Apéndice B. Propiedades y constantes físicas. Apéndice C. Abreviaturas y símbolos. Apéndice D. Problemas ambientales especiales.
=520  \\$aEnfocado a los problemas ambientales actuales, sus causas, efectos y soluciones, este texto explora la naturaleza fundamental de los sistemas naturales. Con base en un enfoque técnico (cuantitativo), poco frecuente en un libro de nivel introductorio, conserva una perspectiva amplia que es atractiva para el estudiante y que, al mismo tiempo, es útil para quienes prosiguen con estudios más avanzados de ingeniería ambiental o sanitaria. Este texto ha sido diseñado para mostrar los problemas ambientales de manera cuantitativa a estudiantes de ingeniería y de ciencias ambientales. El libro se estructura en tres partes fundamentales: las causas de los problemas ambientales, las bases científicas necesarias para entenderlos y el control o los métodos que se emplean para resolverlos. Se incluyen más de 300 ejemplos y problemas que facilitan el aprendizaje.
=546  \\$aTraducción de: Environmental science and engineering
=020  \\$a9701702662
=100  1\$aHenry, J. Glynn.
=700  1\$aHeinke, Gary W.
=080  \\$a504
=650  \7$aEnvironmental protection.$2inist
=650  \7$aEnvironmental engineering.$2inist
=650  \7$aIngeniería del medio ambiente.$2inist
=690  \\$aIngeniería mecánica$bGestión ambiental
=040  \\$aarbccab$bspa
=041  1\$aspa$heng
=005  20150714113940.0
=856  41$3Tapa$uhttp://www.diazdesantos.es/includes/core/image-resize.php?img=http://www.diazdesantos.es/images/libros/SP/SP1117500781.jpg&h=180&constrain=1
=003  AR-BCCAB
=942  \\$cBK
=952  \\$2udc$aARBCCAB$bARBCCAB$d2011-01-21$eJournal$g$i21560$o504 H38 Ed.2$p21560$yBK
