=LDR  00000nam##22000005a#4500

=001  017141
=008  110315s2005####nyua###f#b####001#0#eng#d
=245  00$aNuclear wallet cards /$cNational Nuclear Data Center.
=250  \\$a7th ed.
=260  \\$aNew York :$bBrookhaven National Laboratory,$c2005.
=300  \\$aix, 78 p. :$btablas ;$c13 cm.
=504  \\$aIt includes bibliographical references.
=520  \\$aNuclear Wallet Cards presents properties for ground and metastable state properties.
=500  \\$aIncluye índice.
=700  1\$aTuli, Jagdish K.
=710  2\$aNational Nuclear Data Center.
=650  \7$aIsotopes.$2inis
=650  \7$aIsomeric nucleus.$2inis
=650  \7$aIsotopos.$2inis
=650  \7$aNucleo isomero.$2inis
=040  \\$aarbccab$bspa
=856  41$uhttp://www.nndc.bnl.gov/wallet/index.html$3Acceso en línea.
=856  41$uhttp://www-nds.iaea.org/livechart/$3LiveChart
=856  41$uhttp://campi.cab.cnea.gov.ar/tocs/tapas/22838.jpg$3Tapa
=856  41$uhttp://campi.cab.cnea.gov.ar/tocs/22838.pdf$3Índice
=005  20160426141511.0
=003  AR-BCCAB
=942  \\$cBK
=952  \\$2udc$aARBCCAB$bARBCCAB$d2011-03-18$i21621$o539.163(083) N19 Ed.7$p21621$yBK
=952  \\$2udc$aARBCCAB$bARBCCAB$d2011-03-18$i21622$o539.163(083) N19 Ed.7 Ej.2$p21622$yBK
=952  \\$2udc$aARBCCAB$bARBCCAB$d2011-03-18$i21623$o539.163(083) N19 Ed.7 Ej.3$p21623$yBK
=952  \\$2udc$aARBCCAB$bARBCCAB$d2011-03-18$i21624$o539.163(083) N19 Ed.7 Ej.4$p21624$yBK
=952  \\$2udc$aARBCCAB$bARBCCAB$i22770$o539.163(083) N19 Ed.7 Ej.5$p22770$yBK
=952  \\$2udc$aARBCCAB$bARBCCAB$i22771$o539.163(083) N19 Ed.7 Ej.6$p22771$yBK
=952  \\$2udc$aARBCCAB$bARBCCAB$i22772$o539.163(083) N19 Ed.7 Ej.7$p22772$yBK
=952  \\$2udc$aARBCCAB$bARBCCAB$i22773$o539.163(083) N19 Ed.7 Ej.8$p22773$yBK
=952  \\$2udc$aARBCCAB$bARBCCAB$i22774$o539.163(083) N19 Ed.7 Ej.9$p22774$yBK
=952  \\$2udc$aARBCCAB$bARBCCAB$i22775$o539.163(083) N19 Ed.7 Ej.10$p22775$yBK
=952  \\$2udc$aARBCCAB$bARBCCAB$i22838$o539.163(083) N19 Ed.7 Ej.11$p22838$yBK
=952  \\$2udc$aARBCCAB$bARBCCAB$i22839$o539.163(083) N19 Ed.7 Ej.12$p22839$yBK
=952  \\$2udc$aARBCCAB$bARBCCAB$i22840$o539.163(083) N19 Ed.7 Ej.13$p22840$yBK
=952  \\$2udc$aARBCCAB$bARBCCAB$i22841$o539.163(083) N19 Ed.7 Ej.14$p22841$yBK
=952  \\$2udc$aARBCCAB$bARBCCAB$i22842$o539.163(083) N19 Ed.7 Ej.15$p22842$yBK
=952  \\$2udc$aARBCCAB$bARBCCAB$i22843$o539.163(083) N19 Ed.7 Ej.16$p22843$yBK
=952  \\$2udc$aARBCCAB$bARBCCAB$i22844$o539.163(083) N19 Ed.7 Ej.17$p22844$yBK
=952  \\$2udc$aARBCCAB$bARBCCAB$i22845$o539.163(083) N19 Ed.7 Ej.18$p22845$yBK
=952  \\$2udc$aARBCCAB$bARBCCAB$i22846$o539.163(083) N19 Ed.7 Ej.19$p22846$yBK
=952  \\$2udc$aARBCCAB$bARBCCAB$i22847$o539.163(083) N19 Ed.7 Ej.20$p22847$yBK
