=LDR  00000nam##22000005a#4500

=001  017149
=008  070924s2008####paua###f#b####001#0#eng##
=245  10$aEnhancing e-learning with media-rich content and interactions /$cRichard Caladine.
=260  \\$aHershey :$bInformation Science Pub.,$cc2008.
=300  \\$axx, 322 p. :$bil. ;$c27 cm.
=520  \\$a"This book presents instructional designers, educators, scholars, and researchers with the necessary foundational elements, theoretical underpinnings, and practical guidance to aid in the technology selection and design of effective online learning experiences by integrating media-rich interactions and content"--Provided by publisher.
=504  \\$aIncluye referencias bibliográficas e índices.
=020  \\$a9781599047324 (hardcover)
=100  1\$aCaladine, Richard.
=080  \\$a371.3
=650  \0$aEducation$xComputer network resources.
=650  \0$aWeb-based instruction.
=650  \0$aInternet in education.
=650  \0$aMultimedia systems.
=010  \\$a##2007039598
=040  \\$aDLC$bspa$darbccab$cDLC$dBAKER$dBTCTA$dYDXCP$dC#P$dDLC
=050  00$aLB1044.87$b.C35 2008
=005  20110321142104.0
=856  41$3Indice$uhttp://www.loc.gov/catdir/toc/ecip081/2007039598.html
=003  AR-BCCAB
=082  00$a371.33467/8$222
=942  \\$cBK
=952  \\$2udc$aARBCCAB$bARBCCAB$d2011-03-25$eIntelecnia$g$i21634$o371.3 C125$p21634$yBK
