=LDR  00000cam##22000008a#4500

=001  017203
=008  100304s2010####nyua###f#b####001#0#eng##
=245  10$aFundamentals of engineering numerical analysis /$cParviz Moin.
=250  \\$a2nd ed.
=260  \\$aNew York :$bCambridge University Press,$c2010.
=300  \\$axiv, 241 p. :$bil. ;$c26 cm.
=520  \\$a"Since the original publication of this book, available computer power has increased greatly. Today, scientific computing is playing an ever more prominent role as a tool in scientific discovery and engineering analysis. In this second edition, the key addition is an introduction to the finite element method. This is a widely used technique for solving partial differential equations (PDEs) in complex domains. This text introduces numerical methods and shows how to develop, analyze, and use them. Complete MATLAB programs for all the worked examples are now available at www.cambridge.org/Moin, and more than 30 exercises have been added. This thorough and practical book is intended as a first course in numerical analysis, primarily for new graduate students in engineering and physical science. Along with mastering the fundamentals of numerical methods, students will learn to write their own computer programs using standard numerical methods"--Provided by publisher.
=504  \\$aIncluye referencias bibliográficas e índice.
=505  8\$aMachine generated contents note: 1. Interpolation; 2. Numerical differentiation - finite differences; 3. Numerical integration; 4. Numerical solution of ordinary differential equations; 5. Numerical solution of partial differential equations; 6. Discrete transform methods; Appendix. A review of linear algebra.
=020  \\$a9780521884327 (hardback)
=020  \\$a0521884322 (hardback)
=100  1\$aMoin, Parviz.
=246  30$aEngineering numerical analysis
=650  \0$aEngineering mathematics.
=650  \0$aNumerical analysis.
=010  \\$a##2010009012
=040  \\$aDLC$bspa$darbccab$cDLC$dYDX$dYDXCP$dCDX$dDLC
=050  00$aTA335$b.M65 2010
=005  20110401104024.0
=003  AR-BCCAB
=082  00$a620.001/518$222
=942  \\$cBK
=952  \\$2udc$aARBCCAB$bARBCCAB$d2011-04-01$eM&A$g$i21665$o519.6 M727$p21665$yBK
