=LDR  00000cam##22000004a#4500

=001  017292
=008  100105s2010####enka###f#b####001#0#eng##
=245  10$aModern introduction to surface plasmons :$btheory, Mathematica modeling, and applications /$cDror Sarid and William A. Challener.
=260  \\$aCambridge ;$aNew York :$bCambridge University Press,$c2010.
=300  \\$axiv, 371 p. :$bil. ;$c26 cm.
=520  \\$a"Introducing graduate students in physics, optics, materials science and electrical engineering to surface plasmons, this book also covers guided modes at planar interfaces of metamaterials with negative refractive index. The physics of localized and propagating surface plasmons, on planar films, gratings, nanowires and nanoparticles, is developed using both analytical and numerical techniques. Guided modes at the interfaces between materials with any combination of positive or negative permittivity and permeability are analyzed in a systematic manner. Applications of surface plasmon physics are described, including near-field transducers in heat-assisted magnetic recording and biosensors. Resources at www.cambridge.org/9780521767170 include Mathematica code to generate figures from the book, color versions of many figures, and extended discussion of topics such as vector diffraction theory"--Provided by publisher.
=520  \\$a"In 1952 Pines and Bohm discussed a quantized bulk plasma oscillation of electronsin a metallic solid to explain the energy losses of fast electrons passing throughmetal foils [1]. They called this excitation a "plasmon"--Provided by publisher.
=504  \\$aIncluye referencias bibliográficas e índice.
=505  8\$aMachine generated contents note: 1. Introduction; 2. Electromagnetics of planar surface waves; 3. Single-interface modes in the microwave regime; 4. Single-interface lossless modes in [epsilon]r'-[mu]r' parameter space; 5. Double-interface lossless modes in [epsilon]r'-[mu]r' parameter space; 6. Single-interface surface plasmons; 7. Double-interface surface plasmons in symmetric guides; 8. Quasi one-dimensional surface plasmons; 9. Localized surface plasmons; 10. Techniques for exciting surface plasmons; 11. Plasmonic materials; 12. Applications; Appendixes; Index.
=020  \\$a9780521767170 (hardback)
=020  \\$a0521767172 (hardback)
=100  1\$aSarid, Dror.
=700  1\$aChallener, William Albert.
=650  \7$aSurfaces$xPhysics.$2inist
=650  \0$aSurfaces (Technology)$xAnalysis.
=650  \7$aPlasmons$xPhysics.$2inist
=650  \7$aPlasma waves.$2inist
=650  \7$aSuperficies$xFísica.$2inist
=650  \7$aPlasmones$xFísica.$2inist
=650  \7$aOndas de plasma$xFísica.$2inist
=010  \\$a##2010000128
=016  7\$a015489404$2Uk
=040  \\$aDLC$bspa$darbccab$cDLC$dBTCTA$dYDXCP$dBWKUK$dBWK$dUKM$dBWX$dCDX$dDLC
=050  00$aQC176.8.P55$bS37 2010
=005  20110531124313.0
=856  42$3Tapa$uhttp://assets.cambridge.org/97805217/67170/cover/9780521767170.jpg
=003  AR-BCCAB
=082  00$a530.4/4$222
=942  \\$cBK
=952  \\$2udc$aARBCCAB$bARBCCAB$d2011-06-03$eAmazon$g$i21714$o538.971 S711$p21714$yBK
