=LDR  00000cam##2200000#a#4500

=001  017295
=008  060825s2006####enka###f#b####001#0#eng#d
=245  10$aStatistical mechanics :$bentropy, order parameters, and complexity /$cJames P. Sethna.
=260  \\$aOxford ;$aNew York :$bOxford University Press,$cc2006.
=300  \\$axix, 349 p. :$bil. ;$c26 cm.
=490  0\$aOxford master series in statistical, computational, and theoretical physics
=490  0\$aOxford master series in physics ;$v14
=504  \\$aIncluye referencias bibliográficas (p. [313]-321) e índice.
=505  0\$aWhat is statistical mechanics? -- Random walks with emergent properties. -- Temperature and equilibrium. -- Phase-space dynamics and ergodicity. -- Entropy. -- Free energies. -- Quantum statistical mechanics. -- Calculation and computation. -- Order parameters, broken symmetry, and topology. -- Correlations, response, and dissipation. -- Abrupt phase transitions. -- Continuous phase transitions. -- Appendix: Fourier methods.
=520  \\$aIn each generation, scientists must redefine their fields: abstracting, simplifying and distilling the previous standard topics to make room for new advances and methods. Sethna's book takes this step for statistical mechanics--a field rooted in physics and chemistry whose ideas and methods are now central to information theory, complexity, and modern biology. Aimed at advanced undergraduates and early graduate students in all of these fields, Sethna limits his main presentation to the topics that future mathematicians and biologists, as well as physicists and chemists, will find fascinating and central to their work. The amazing breadth of the field is reflected in the author's large supply of carefully crafted exercises, each an introduction to a whole field of study: everything from chaos through information theory to life at the end of the universe.
=020  \\$a019856676X (hbk.)
=020  \\$a0198566778 (pbk.)
=020  \\$a9780198566762$c(hbk.)
=020  \\$a9780198566779$c(pbk.)
=100  1\$aSethna, James P.
=080  \\$a531.19
=650  \7$aStatistical mechanics$2inist
=650  \7$aMecánica estadística$2inist
=690  \\$aMaestría en Ciencias Físicas$bMecánica estadística
=010  \\$a##2006298188
=016  7\$a013380323$2Uk
=040  \\$aUKM$cUKM$bspa$darbccab$dBAKER$dBWKUK$dIAK$dOCLCQ$dDLC
=856  41$uhttps://images-na.ssl-images-amazon.com/images/I/41nE9XTpGXL.%5FSX381%5FBO1,204,203,200%5F.jpg$3Tapa
=856  41$uhttp://campi.cab.cnea.gov.ar/tocs/23235.pdf$3Indice
=856  42$3Información biográfica$uhttp://www.loc.gov/catdir/enhancements/fy0725/2006298188-b.html
=005  20180307114846.0
=003  AR-BCCAB
=942  \\$cBK
=952  \\$2udc$aARBCCAB$bARBCCAB$d2011-06-03$i21718$o531.19 Se75$p21718$yBK
=952  \\$2udc$aARBCCAB$bARBCCAB$d20161031$eCiencia y Técnica$g$i23235$o531.19 Se75 Ej.2$p23235$yBK
=952  \\$2udc$aARBCCAB$bARBCCAB$d18-01-29$g$i23576$o531.19 Se75 Ej.3$p23576$yBK
