=LDR  00000nam##22000005a#4500

=001  017316
=008  101222s2011####maua###f#b####001#0#eng##
=245  10$aStatistical mechanics. /$cR.K. Pathria [and] Paul D. Beale.
=250  \\$a3rd ed.
=260  \\$aBoston :$bElsevier,$c2011.
=300  \\$axxvi, 718p. :$bil. ;$c24 cm.
=504  \\$aIncluye referencias bibliográficas e índices.
=505  8\$aMachine generated contents note: Historical introduction; The statistical basis of thermodynamics; Elements of the ensemble theory; The canonical ensemble; The grand canonical ensemble; Formulation of quantum statistics; The theory of simple gases; Ideal Bose systems; Ideal Fermi systems; Statistical mechanics of interacting systems: The method of cluster explansions, the method of quantized fields; Phase transitions: critically, universality and scaling, exact (or almost exact) results for the various models, the renormalization group approach; Fluctuations.
=520  \\$aThis classic text, first published in 1972, is designed for graduate physics courses in statistical mechanics. The second edition, published in 1996, incorporated three comprehensive chapters on phase transitions and critical phenomena. This third edition includes new sections on Bose-Einstein condensation and degenerate Fermi behavior of ultracold atomic gases, and two new chapters on computer simulation methods and the thermodynamics of the early universe. We have also added new sections on chemical and phase equilibrium, and expanded our discussions of correlations and scattering, quantized fields, finite-size effects and the fluctuation-dissipation theorem. We hope this new edition will continue to provide new generations of students with a solid training in the methods of statistical physics. -Bose-Einstein condensation in atomic gases -Thermodynamics of the early universe -Computer simulations: Monte Carlo and molecular dynamics -Correlation functions and scattering -Fluctuation-dissipation theorem and the dynamical structure factor -Chemical equilibrium -Exact solution of the two-dimensional Ising model for finite systems -Degenerate atomic Fermi gases -Exact solutions of one-dimensional fluid models -Interactions in ultracold Bose and Fermi gases -Brownian motion of anisotropic particles and harmonic oscillators
=020  \\$a9780123821881 (pbk.)
=100  1\$aPathria, R. K.
=700  1\$aBeale, Paul D.
=080  \\$a531.19
=650  \7$aStatistical mechanics.$2inist
=650  \7$aMecánica estadística.$2inist
=010  \\$a##2010048955
=040  \\$aDLC$bspa$darbccab$cDLC
=856  41$uhttps://images-na.ssl-images-amazon.com/images/I/51cM95KXtjL.%5FSX403%5FBO1,204,203,200%5F.jpg$yTapa
=856  41$uhttp://campi.cab.cnea.gov.ar/tocs/23515.pdf$yIndice
=005  20171127140840.0
=003  AR-BCCAB
=082  00$a530.13$222
=942  \\$cBK
=952  \\$2udc$aARBCCAB$bARBCCAB$d2011-07-15$eM&A$gU{dollar}S90$i21747$o531.19 P27 Ed.3$p21747$yBK
=952  \\$2udc$aARBCCAB$bARBCCAB$d2011-08-15$eM&A$gU{dollar}S90$i21748$o531.19 P27 Ed.3 Ej.2$p21748$yBK
=952  \\$2udc$aARBCCAB$bARBCCAB$d2012-06-08$eM&A$gU{dollar}S122$i22031$o531.19 P27 Ed.3 Ej.3$p22031$yBK
=952  \\$2udc$aARBCCAB$bARBCCAB$d2017-09-30$g$i23515$o531.19 P27 Ed.3 Ej.4$p23515$yBK
