=LDR  00000cam##22000008a#4500

=001  017320
=008  100503s2010####enka###f#b####001#0#eng##
=245  10$aBasic aspects of the quantum theory of solids :$border and elementary excitations /$cDaniel I. Khomskii.
=260  \\$aCambridge ;$aNew York :$bCambridge University Press,$c2010.
=300  \\$axiv, 301 p. :$bil. ;$c26 cm.
=520  \\$a"Aimed at graduate students and researchers, this book covers the key aspects of the modern quantum theory of solids, including up-to-date ideas such as quantum fluctuations and strong electron correlations. It presents in the main concepts of the modern quantum theory of solids, as well as a general description of the essential theoretical methods required when working with these systems. Diverse topics such as general theory of phase transitions, harmonic and anharmonic lattices, Bose condensation and superfluidity, modern aspects of magnetism including resonating valence bonds, electrons in metals, and strong electron correlations are treated using unifying concepts of order and elementary excitations. The main theoretical tools used to treat these problems are introduced and explained in a simple way, and their applications are demonstrated through concrete examples"--$cProvisto por la editorial
=504  \\$aIncluye referencias bibliográficas e índice.
=020  \\$a9780521835213
=100  1\$aKhomskii, Daniel,$d1938-
=080  \\$a531.19:536.76
=650  \7$aSolid state physics.$2inist
=650  \7$aFísica del estado sólido.$2inist
=010  \\$a##2010018879
=040  \\$aDLC$bspa$darbccab$cDLC$dDLC
=050  00$aQC176$b.K47 2010
=005  20120131161357.0
=650  \7$aQuantum theory.$2lemb
=856  42$3Tapa$uhttp://assets.cambridge.org/97805218/35213/cover/9780521835213.jpg
=856  41$3Indice$uhttp://www.loc.gov/catdir/enhancements/fy1009/2010018879-t.html
=856  42$3Reseña$uhttp://www.loc.gov/catdir/enhancements/fy1009/2010018879-d.html
=856  42$3Información biográfica$uhttp://www.loc.gov/catdir/enhancements/fy1009/2010018879-b.html
=003  AR-BCCAB
=082  00$a530.4/1$222
=942  \\$cBK
=952  \\$2udc$aARBCCAB$bARBCCAB$d2011-08-15$eCUP$gU{dollar}S75$i21756$o531.19:536.76 K528$p21756$yBK
