=LDR  00000cam##22000008a#4500

=001  017334
=008  071002s2007####gw#a###f#b####001#0#eng##
=245  10$aNuclear reactor physics /$cWeston M. Stacey.
=250  \\$a2nd ed., completely rev. and enlarged.
=260  \\$aWeinheim :$bWiley-VCH,$cc2007.
=300  \\$axxviii, 706 p. :$bil. ;$c25 cm.
=504  \\$aIncluye referencias bibliográficas e índices.
=520  \\$aNuclear reactor physics is the core discipline of nuclear engineering. Nuclear reactors now account for a significant portion of the electrical power generated worldwide, and new power reactors with improved fuel cycles are being developed. At the same time, the past few decades have seen an ever-increasing number of industrial, medical, military, and research applications for nuclear reactors. The second edition of this successful comprehensive textbook and reference on basic and advanced nuclear reactor physics has been completely updated, revised and enlarged to include the latest developments.
=020  \\$a9783527406791 (alk. paper)
=100  1\$aStacey, Weston M.
=080  \\$a621.039.51
=650  \7$aNuclear engineering.$2inist
=650  \7$aReactors.$2inist
=650  \7$aNuclear physics.$2inist
=650  \7$aIngeniería nuclear.$2inist
=650  \7$aReactores.$2inist
=650  \7$aFísica nuclear.$2inist
=010  \\$a##2007280711
=040  \\$aDLC$bspa$darbccab$cDLC$dDLC
=050  00$aTK9145$b.S73 2007
=856  42$3Información biográfica.$uhttp://www.loc.gov/catdir/enhancements/fy0814/2007280711-b.html
=856  41$uhttps://images-na.ssl-images-amazon.com/images/I/517%2BzSq482L.%5FSX331%5FBO1,204,203,200%5F.jpg$3Tapa
=856  41$uhttp://campi.cab.cnea.gov.ar/tocs/23443.pdf$3Indice
=005  20180221113446.0
=003  AR-BCCAB
=082  00$a621.48/31$222
=942  \\$cBK
=952  \\$2udc$aARBCCAB$bARBCCAB$d2011-08-13$i21793$o621.039.51 St121 Ed.2 Rev.$p21793$yBK
=952  \\$2udc$aARBCCAB$bARBCCAB$d2017-07-13$eFondos UNCuyo$g$i23442$o621.039.51 St121 Ed.2 Rev. Ej.2$p23442$yBK
=952  \\$2udc$aARBCCAB$bARBCCAB$d2017-07-13$g$i23443$o621.039.51 St121 Ed.2 Rev. Ej.3$p23443$yBK
