=LDR  00000cam##22000004a#4500

=001  017339
=008  110811s2011####maua###f#b####001#0#eng##
=245  10$aFluid mechanics /$cFrank M. White.
=250  \\$a7th ed.
=260  \\$aBoston, Mass. :$bWCB/McGraw-Hill,$cc2011.
=300  \\$axv, 862 p. :$bil. ;$c25 cm. +$e1 DVD (12 cm).
=490  1\$aMcGraw-Hill series in mechanical engineering
=504  \\$aIncluye referencias bibliográficas e índice.
=520  \\$aThe book provides a well-balanced coverage of physical concepts, mathematical operations and practical demonstrations within the scope of Fluid Mechanics. The text provides a highly intuitive and practical understanding of the topics by excellent progression from physical concepts to engineering applications. The concepts have been presented in an unambiguous, precise and to the point manner. Key Features: Architecture, Programming, Interfacing of Microprocessors and Microcontrollers explained in lucid language Hands-on approach through applications such as Traffic Control, Keyboard Interfacing, Stepper Motor Control, Seven-Segment Display, Control of Firing Circuit of a Thyristor Table Of Contents: 1. Introduction 2. Pressure Distribution in a Fluid 3. Integral Relations for a Control Volume 4. Differential Relation for Fluid Flow 5. Dimensional Analysis and Similarity 6. Viscous Flow in Ducts 7. Flow Past Immersed Bodies 8. Potential Flow and Computational Fluid Dynamics 9. Compressible Flow 10. Open-Channel Flow 11. Turbomachnery Appendix A: Physical Properties of Fluids Appendix B: Compressible Flow Tables Appendix C: Conversion Factors Appendix D: Equations of Motion in Cylindrical Coordinates Answers to Selected Problems Index
=020  \\$a9780073529349
=020  \\$a9780071333122
=100  1\$aWhite, Frank M.
=080  \\$a532
=650  \0$aFluid mechanics.
=650  \7$aMecánica de fluídos$2inist
=690  \\$aIngeniería nuclear$bMecánica de los fluidos
=040  \\$aDLC$cDLC$dDLC$bspa$darbccab
=856  41$uhttps://images-na.ssl-images-amazon.com/images/I/510nO02uhgL.%5FSX383%5FBO1,204,203,200%5F.jpg$3Tapa
=856  41$uhttp://campi.cab.cnea.gov.ar/tocs/23638.pdf$3Indice
=005  20180621150524.0
=003  AR-BCCAB
=082  00$a620.1/06$221
=942  \\$cBK
=952  \\$2udc$aARBCCAB$bARBCCAB$d2011-08-13$eM&A$gU{dollar}S186.49$i21792$o532 W583 Ed.7$p21792$yBK
=952  \\$2udc$aARBCCAB$bARBCCAB$d2018-06-06$i23638$o532 W583 Ed.7 Ej.2$p23638$yBK
=952  \\$2udc$aARBCCAB$bARBCCAB$i21794$o532 W583 DVD DVD$p21794$yVM
