=LDR  00000nam##2200000#a#4500

=001  017341
=008  110826s1995####nyud###f#b####001#0#eng##
=245  12$aA first course in partial differential equations with complex variables and transform methods /$c[by] H.F. Weinberger.
=250  \\$a[1st ed.].
=260  \\$aNew York :$bDover,$c1995.
=300  \\$aix, 446 p. ;$c26 cm.
=504  \\$aIncluye referencias bibliográficas e índices.
=500  \\$aIncluye soluciones de problemas (p. 399-442).
=490  1\$aA Blaisdell book in pure and applied mathematic
=520  \\$aThis popular text was created for a one-year undergraduate course or beginning graduate course in partial differential equations, including the elementary theory of complex variables. It employs a framework in which the general properties of partial differential equations, such as characteristics, domains of independence, and maximum principles, can be clearly seen. The only prerequisite is a good course in calculus. Incorporating many of the techniques of applied mathematics, the book also contains most of the concepts of rigorous analysis usually found in a course in advanced calculus. These techniques and concepts are presented in a setting where their need is clear and their application immediate. Chapters I through IV cover the one-dimensional wave equation, linear second-order partial differential equations in two variables, some properties of elliptic and parabolic equations and separation of variables, and Fourier series. Chapters V through VIII address nonhomogeneous problems, problems in higher dimensions and multiple Fourier series, Sturm-Liouville theory, and general Fourier expansions and analytic functions of a complex variable. The last four chapters are devoted to the evaluation of integrals by complex variable methods, solutions based on the Fourier and Laplace transforms, and numerical approximation methods. Numerous exercises are included throughout the text, with solutions at the back.
=100  1\$aWeinberger, Hans F.
=080  \\$a517.95
=650  \0$aDifferential equations, Partial.
=650  \7$aEcuaciones diferenciales.$2inist
=040  \\$aDLC/ICU$cICU$dDLC$bspa$darbccab
=856  41$uhttps://images-na.ssl-images-amazon.com/images/I/41aID%2BDsgLL.%5FSX345%5FBO1,204,203,200%5F.jpg$3Tapa
=856  41$uhttp://campi.cab.cnea.gov.ar/tocs/23639.pdf$3Indice
=005  20180615150746.0
=003  AR-BCCAB
=942  \\$cBK
=952  \\$2udc$aARBCCAB$bARBCCAB$d2011-09-02$i21785$o517.95 W432 Ed.1 Rev.$p21785$yBK
=952  \\$2udc$aARBCCAB$bARBCCAB$d2012-05-18$eM&A$gU{dollar}S52$i21996$o517.95 W432 Ed.1 Rev. Ej.2$p21996$yBK
=952  \\$2udc$aARBCCAB$bARBCCAB$d2015-06-06$i23639$o517.95 W432 Ed.1 Rev. Ej.3$p23639$yBK
