=LDR  00000nam##22000001a#4500

=001  017344
=008  940608s1998####nju####f#b####001#0#eng##
=245  10$aDigital control system analysis and design /$cCharles L. Phillips, H. Troy Nagle.
=250  \\$a3rd ed.
=260  \\$aEnglewood Cliffs, N.J. :$bPrentice Hall,$cc1998.
=300  \\$axv, 685 p. ;$c25 cm.
=504  \\$aIncluye referencias bibliográficas e índice.
=520  \\$aThis revision of the best selling book for the digital controls course features new running applications and integration of MATLAB, the most widely used software in controls. Coverage of root locus design and the Fourier transform have also been increased.
=020  \\$a0133177297
=020  \\$a013309832X
=100  1\$aPhillips, Charles L.
=700  1\$aNagle, H. Troy,$d1942-
=080  \\$a62-52
=650  \0$aDigital control systems.
=650  \0$aElectric filters, Digital.
=650  \0$aIntel 8086 (Microprocessor)
=010  \\$a###94003482#
=040  \\$aDLC$bspa$darbccab$cDLC$dDLC
=856  41$uhttps://images-na.ssl-images-amazon.com/images/I/51aqlHTmmVL.%5FSX375%5FBO1,204,203,200%5F.jpg$3Tapa
=856  41$uhttp://campi.cab.cnea.gov.ar/tocs/23850.pdf$3Indice
=005  20190520143128.0
=003  AR-BCCAB
=942  \\$cBK
=952  \\$2udc$aARBCCAB$bARBCCAB$d2011-09-02$i21822$o62-52 P530 Ed.3$p21822$yBK
=952  \\$2udc$aARBCCAB$bARBCCAB$d2019-03-18$i23850$o62-52 P530 Ed.3 Ej.2$p23850$yBK
