=LDR  00000cam##2200000#a#4500

=001  017362
=008  110920s1996####sp#####g######000#0#und#d
=245  10$aHombres en el espacio :$bpasado, presente y futuro /$cLuis Ruiz de Gopegui.
=260  \\$aMadrid :$bMcGraw-Hill,$c1996.
=300  \\$axxv, 345 p. :$bil., fot. col. ;$c21 cm.
=490  0\$aSerie McGraw-Hill de divulgación científica
=520  \\$a""Hombres en el espacio"" es el tercer libro sobre exploración espacial que se publica en esta colección. Trata de la actividad exploradora de cosmonautas y astronautas en el espacio exterior. En la primera parte del libro se desarrolla un amplio análisis de cómo y por qué se fue a la Luna. La segunda aborda el tema de las actividades desarrolladas en las primeras estaciones espaciales: Salyut, Skylab, Mir, Transbordador-Space-lab y ALFA. La tercera y última parte trata el tema del futuro a corto plazo (siglo XXI): el regreso a la Luna, los primeros viajes de seres humanos al planeta Marte y la construcción de colonias espaciales.
=020  \\$a8448155645
=100  1\$aRuiz de Gopegui, Luis Angel.
=080  \\$a523
=650  \7$aSpace vehicles.$2inist
=650  \7$aSpace$xExploration.$2inist
=650  \7$aApollo project.$2inist
=650  \7$aVehículos espaciales.$2inist
=650  \7$aEspacio$xExploración.$2inist
=650  \7$aProyecto Apollo.$2inist
=040  \\$aarbccab$bspa
=005  20110920121454.0
=856  41$3Tapa$uhttp://www.agapea.com/McGraw-Hill-Interamericana-de-Espana-S-A-/Hombres-en-el-espacio-i0n9352.jpg
=003  AR-BCCAB
=942  \\$cBK
=952  \\$2udc$aARBCCAB$bARBCCAB$d2011-09-23$i21801$o523 R858$p21801$yBK
