=LDR  00000nam##22000005a#4500

=001  017484
=008  120515s2010####sp#####f#b####001#0#und#d
=245  10$aDiseño de exposiciones /$cPhilip Hughes.
=260  \\$aBarcelona :$bPromopress,$c2010.
=300  \\$a224 p. :$bil., fot col., fot. byn ;$c26 cm.
=520  \\$aDiseño de exposiciones ofrece una sólida base para dominar los fundamentos de esta materia, y presenta los conocimientos necesarios para llegar a ser diseñador o diseñadora de exposiciones: * Desarrollo del encargo y trabajo con los clientes * Principios de diseño de gráficos, circulación e iluminación * Presentación de ideas a los clientes * Aspectos prácticos de producción La obra contiene fotografías de exposiciones creadas por diseñadores de prestigio mundial; dibujos conceptuales, imágenes de ordenador, cuadros y tableros informativos, todos ellos procedentes de una amplia gama de exposiciones de todo el mundo, permanentes y temporales, incluyendo museos y galerías, centros culturales, experiencias de marca, festivales y ferias comerciales. Una obra informativa e inspiradora que constituye, además, una valiosa guía profesional para los estudiantes y para quienes se inician en el diseño de exposiciones.
=504  \\$aIncluye referencias bibliográficas (p.219) e índices.
=020  \\$a9788493650865
=100  1\$aHughes, Philip,$d1936-
=650  \7$aExhibits$xDesign.$2inist
=650  \7$aExhibiciones$xDiseño.$2inist
=040  \\$aarbccab$bspa
=005  20120516134917.0
=856  41$3Tapa$uhttp://www.cuspide.com/covers/84/93/65/08/62.gif
=003  AR-BCCAB
=942  \\$cBK
=952  \\$2udc$aARBCCAB$bARBCCAB$d2012-05-18$eCúspide$g$i22000$o069.53 H873$p22000$yBK
