=LDR  00000nam##22000005a#4500

=001  017485
=008  120606s2011####mx#d###f######001#0#spa#d
=245  10$aIntroducción al análisis de circuitos /$cRobert L. Boylestad.
=250  \\$a12a ed.
=260  \\$aMéxico :$bPrentice Hall,$cc2011.
=300  \\$axi, 914 p. :$bil. ;$c28 cm. +$e1 DVD.
=500  \\$aIncluye índice.
=520  \\$aIntroducción al análisis de circuitos tiene una exitosa historia que abarca casi cuatro décadas, esta decimosegunda edición continúa elevando el nivel de los textos de introducción al análisis de circuitos de CD/CA y sigue siendo referencia obligada para todo profesional experimentado como el mejor texto para programas de ingeniería y tecnología. Esta nueva edición incorpora actualizaciones significativas derivadas de las intensas revisiones por parte de innumerables instructores que han utilizado ediciones previas como libro de texto. Esta edición incluye los capítulos necesarios para cubrir cualquier asignatura de circuitos eléctricos. Además, en la página Web del libro se incluyen, en español, temas introductorios al análisis de circuitos, así como lo referente a las baterías de ión de litio y otros temas avanzados de electrónica.
=530  \\$aAcompaña DVD con el software PSpice, que puede descargarse de www.orcad.com.
=020  \\$a9786073205849
=020  \\$a9786073205856
=020  \\$a9786073205863
=100  1\$aBoylestad, Robert L.
=246  1\$iTítulo original:$aIntroductory circuit analysis
=650  \7$aElectronic circuits.$2inist
=650  \7$aData processing.$2inist
=650  \7$aCircuitos electrónicos.$2inist
=650  \7$aTratamiento de la información.$2inist
=690  \\$aIngeniería en Telecomunicaciones$bIntroducción a la electrónica
=690  \\$aIngeniería nuclear$bIntroducción a la electrónica
=690  \\$aIngeniería mecánica$bIntroducción a la electrónica
=690  \\$aLicenciatura en Física$bIntroducción a la electrónica
=040  \\$aarbccab$bspa
=856  41$uhttps://images-na.ssl-images-amazon.com/images/I/51amzHtnPvL.%5FSX392%5FBO1,204,203,200%5F.jpg$3Tapa
=856  41$uhttp://campi.cab.cnea.gov.ar/tocs/23536.pdf$3Indice
=005  20190213143735.0
=003  AR-BCCAB
=942  \\$cBK
=952  \\$2udc$aARBCCAB$bARBCCAB$d2012-07-16$eCultura$g$i22025$o621.38 B697 Ed.12$p22025$yBK
=952  \\$2udc$aARBCCAB$bARBCCAB$d2018-02-08$i23536$o621.38 B697 Ed.12 Ej.2$p23536$yBK
=952  \\$2udc$aARBCCAB$bARBCCAB$d2018-02-08$i23537$o621.38 B697 Ed.12 Ej.3$p23537$yBK
=952  \\$2udc$aARBCCAB$bARBCCAB$d2019-01-31$i23757$o621.38 B697 Ed.12 Ej.4$p23757$yBK
=952  \\$2udc$aARBCCAB$bARBCCAB$d2019-01-31$i23758$o621.38 B697 Ed.12 Ej.5$p23758$yBK
=952  \\$2udc$aARBCCAB$bARBCCAB$i23767$o621.38 B697 Ed.12 Ej.6$p23767$yBK
=952  \\$2udc$aARBCCAB$bARBCCAB$i22026$o621.38 B697 Ed.12 DVD$p22026$yVM
=952  \\$2udc$aARBCCAB$bARBCCAB$d2018-02-08$i23538$o621.38 B697 Ed.12 DVD Ej.2$p23538$yVM
=952  \\$2udc$aARBCCAB$bARBCCAB$d2018-02-08$i23539$o621.38 B697 Ed.12 DVD Ej.3$p23539$yVM
=952  \\$2udc$aARBCCAB$bARBCCAB$d2019-01-31$i23759$o621.38 B697 Ed.12 DVD Ej.4$p23759$yVM
=952  \\$2udc$aARBCCAB$bARBCCAB$d2019-01-31$i23760$o621.38 B697 Ed.12 DVD Ej.5$p23760$yVM
=952  \\$2udc$aARBCCAB$bARBCCAB$d2019-02-13$i23768$o621.38 B697 Ed.12 DVD Ej.6$p23768$yVM
