=LDR  00000nam##22000005a#4500

=001  017598
=008  111115s2012####njua###f#b####001#0#eng##
=245  10$aGlass-ceramic technology /$cby Wolfram Höland, George H. Beall.
=250  \\$a2nd ed.
=260  \\$aHoboken, New Jersey :$bWiley ;$a[Westerville, Ohio] :$bThe American Ceramic Society,$c[2012]
=300  \\$axx, 414 pages :$billustrations (some color) ;$c25 cm.
=520  \\$a"Glass-ceramic materials share many properties with both glass and more traditional crystalline ceramics.This new edition examines the various types of glass-ceramic materials, the methods of their development, and their countless applications. With expanded sections on biomaterials and highly bioactive products (i.e., Bioglass and related glass ceramics), as well as the newest mechanisms for the development of dental ceramics and theories on the development of nano-scaled glass-ceramics, here is a must-have guide for ceramic and materials engineers, managers, and designers in the ceramic and glass industry"--$cProvided by publisher.
=520  \\$a"This new edition of the successful "Glass-Ceramic Technology" includes expanded sections on biomaterials and highly bioactive products, as well as the newest mechanisms for the development of dental ceramics and the latest theories on the mechanisms for the development of nano-scaled glass-ceramics as they relate to special optical properties . The book examines the various types of glass-ceramic materials, the methods of their development, and the countless applications for glass-ceramics"--$cProvided by publisher.
=504  \\$aIncluye referencias bibliográficas (p. 378-406) e índice.
=020  \\$a9780470487877 (hardback)
=100  1\$aHöland, Wolfram.
=700  1\$aBeall, G. H.
=080  \\$a666.3-188
=650  \7$aCeramics.$2inist
=650  \7$aGlass.$2inist
=650  \7$aVidrio.$2inist
=650  \7$aCeramicos.$2inist
=010  \\$a##2011047555
=040  \\$aDLC$beng$cDLC$erda$dDLC
=050  00$aTP862$b.H65 2012
=005  20121109115111.0
=003  AR-BCCAB
=082  00$a620.1/44$223
=942  \\$cBK
=952  \\$2udc$aARBCCAB$bARBCCAB$d2012-11-09$eM&A$gU{dollar}S179.13$i22194$o666.3-188 H689 Ed.2$p22194$yBK
