=LDR  00000cam##2200000#a#4500

=001  017631
=008  100215s2010####enka###f#b####001#0#eng##
=245  10$aNetworks :$ban introduction /$cM.E.J. Newman.
=260  \\$aOxford ;$aNew York :$bOxford University Press,$c2010.
=300  \\$axi, 772 p. :$bil. (some col.) ;$c26 cm.
=520  \\$a"The scientific study of networks, including computer networks, social networks, and biological networks, has received an enormous amount of interest in the last few years. The rise of the Internet and the wide availability of inexpensive computers have made it possible to gather and analyze network data on a large scale, and the development of a variety of new theoretical tools has allowed us to extract new knowledge from many different kinds of networks.  The study of networks is broadly interdisciplinary and important developments have occurred in many fields, including mathematics, physics, computer and information sciences, biology, and the social sciences. This book brings together for the first time the most important breakthroughs in each of these fields and presents them in a coherent fashion, highlighting the strong interconnections between work in different areas.    Subjects covered include the measurement and structure of networks in many branches of science, methods for analyzing network data, including methods developed in physics, statistics, and sociology, the fundamentals of graph theory, computer algorithms, and spectral methods, mathematical models of networks, including random graph models and generative models, and theories of dynamical processes taking place on networks"--$cProvided by publisher.
=504  \\$aIncluye referencias bibliográficas (p. 727-739) e índice.
=505  8\$aMachine generated contents note: -- 1. Introduction -- 2. Technological Networks -- 3. Social Networks -- 4. Information Networks -- 5. Biological Networks -- 6. Mathematics of Networks -- 7. Measures and Metrics -- 8. The Large-scale Structure of Networks -- 9. Basic Concepts of Algorithms -- 10. Fundamental Network Algorithms -- 11. Matrix Algorithms and Graph Partitioning -- 12. Random Graphs -- 13. Generalized Random Graphs -- 14. Models of Network Formation -- 15. Other Network Models -- 16. Percolation and Network Resilience -- 17. Epidemics on Networks -- 18. Dynamical Systems on Networks -- 19. Network Search -- References -- Index.
=020  \\$a9780199206650 (acid-free paper)
=020  \\$a0199206651 (acid-free paper)
=100  1\$aNewman, M. E. J.$q(Mark E. J.)
=650  \0$aSystems biology.
=650  \0$aEngineering systems.
=650  \0$aSocial systems.
=650  \7$aSystems analysis.$2inist
=650  \7$aNetwork analysis.$2inist
=650  \7$aAnálisis de sistemas.$2inist
=650  \7$aAnálisis de redes.$2inist
=010  \\$a##2010006011
=016  7\$a015390806$2Uk
=040  \\$aDLC$cDLC$dYDX$dUKM$dYDXCP$dBWK$dBWX$dDLC
=050  00$aT57.85$b.N523 2010
=005  20121206163143.0
=003  AR-BCCAB
=082  00$a003$222
=942  \\$cBK
=952  \\$2udc$aARBCCAB$bARBCCAB$d2012-12-07$eM&A$gU{dollar}S151.80$i22237$o681.3:519.73 N420 N$p22237$yBK
