=LDR  00000cam##2200000#a#4500

=001  017752
=008  120424s2012####njua#####b####001#0#eng##
=245  10$aNonlinear finite element analysis of solids and structures /$cRené de Borst, [et al.].
=250  \\$a2nd ed.
=260  \\$aHoboken, NJ :$bWiley,$c2012.
=300  \\$axxiii, 516 p. :$bil. ;$c25 cm.
=500  \\$aEd. rev. de: Non-linear finite element analysis of solids and structures / M. A. Crisfield. c1991-c1997. (2 v.).
=520  \\$a"The Finite Element Method (FEM) is a powerful technique originally developed for numerical solution of complex problems in structural mechanics, and it remains the method of choice for complex systems"--provisto por el publicador
=504  \\$aIncluye referencias bibliográficas e índice.
=020  \\$a9780470666449 (hardback)
=100  1\$aBorst, René de.
=700  1\$aCrisfield, M. A.
=246  3\$aNon-linear finite element analysis of solids and structures
=080  \\$a519.63$22000
=653  \\$aAnálisis estructural.
=650  \7$aFinite element method.$2inist
=650  \7$aMétodo de elementos finitos.$2inist
=653  \\$aStructural analysis.
=010  \\$a##2012011741
=040  \\$aDLC$cDLC$dDLC
=050  00$aTA647$b.C75 2012
=005  20141126133012.0
=856  42$3Tapa$uhttp://catalogimages.wiley.com/images/db/jimages/9780470666449.jpg
=003  AR-BCCAB
=082  00$a624.1/71$223
=942  \\$cBK
=952  \\$2udc$aARBCCAB$bARBCCAB$d2013-07-15$gU{dollar}S137.08$i22415$o519.63 B6485$p22415$yBK
