=LDR  00000cam##22000004a#4500

=001  017756
=008  110613s2011####enka#####b####001#0#eng##
=245  10$aModelling turbulence in engineering and the environment :$bsecond-moment routes to closure /$cKemal Hanjalic and Brian Launder.
=260  \\$aCambridge :$bCambridge University Press,$c2011.
=300  \\$axxi, 379 p. :$bil. ;$c26 cm.
=504  \\$aIncluye referencias bibliográficas (p. 348-372) e índice.
=520  \\$a"Modelling transport and mixing by turbulence in complex flows is one of the greatest challenges for CFD. This highly readable volume introduces the reader to a level of modelling that respects the complexity of the physics of turbulent flows - second-moment closure. Following introductory chapters providing essential physical background, the book examines in detail the processes to be modelled, from fluctuating pressure interactions to diffusive transport, from turbulent time and length scales to the handling of the semi-viscous region adjacent to walls. It includes extensive examples ranging from fundamental homogeneous flows to three-dimensional industrial or environmental applications. This book is ideal for CFD users in industry and academia who seek expert guidance on the modelling options available, and for graduate students in physics, applied mathematics and engineering who wish to enter the world of turbulent flow CFD at the advanced level"--$cProvisto por el publicador
=505  8\$aMachine generated contents note: Preface; 1 -- Introduction; 2 -- The equation; 3 -- Characterization of stress and flux dynamics: elements required for modelling; 4 -- Approaches to closure; 5 -- Modelling the scale-determining equation(s); 6 -- Modelling in the immediate wall vicinity and at low Ret; 7 -- Simplified schemes; 8 -- Wall functions -- References -- Index.
=020  \\$a9780521845755
=100  1\$aHanjalic, Kemal.
=700  1\$aLaunder, B. E.$q(Brian Edward)
=650  \0$aTurbulence$xMathematical models.$2inist
=650  \0$aTurbulencia$xModelos matemáticos.$2inist
=010  \\$a##2011025236
=040  \\$aDLC$cDLC$dDLC
=050  00$aTA357.5.T87$bH367 2011
=005  20130805162135.0
=856  41$3Índice$uhttp://www.loc.gov/catdir/enhancements/fy1208/2011025236-t.html
=856  42$3Información biográfica$uhttp://www.loc.gov/catdir/enhancements/fy1208/2011025236-b.html
=856  42$3Descripción del publicador$uhttp://www.loc.gov/catdir/enhancements/fy1208/2011025236-d.html
=003  AR-BCCAB
=082  00$a620.1/064$223
=942  \\$cBK
=952  \\$2udc$aARBCCAB$bARBCCAB$d2013-05-02$i22417$o532.5 H1941$p22417$yBK
