=LDR  00000cam##2200000#a#4500

=001  017798
=008  970626s1998####nyua#####b####001#0#eng##
=245  10$aComputational inelasticity /$cJ.C. Simo, T.J.R. Hughes.
=260  \\$aNew York :$bSpringer,$cc1998.
=300  \\$axiv, 392 p. :$bil. ;$c24 cm.
=490  0\$aInterdisciplinary applied mathematics ;$vv. 7
=504  \\$aIncluye referencias bibliográficas (p. 375-388) e índice.
=520  \\$a"This book describes the theoretical foundations of inelasticity, its numerical formulation and implementation. The subject matter described herein constitutes a representative sample of state-of-the- art methodology currently used in inelastic calculations. Among the numerous topics covered are small deformation plasticity and viscoplasticity, convex optimization theory, integration algorithms for the constitutive equation of plasticity and viscoplasticity, the variational setting of boundary value problems and discretization by finite element methods. Also addressed are the generalization of the theory to non-smooth yield surface, mathematical numerical analysis issues of general return mapping algorithms, the generalization to finite-strain inelasticity theory, objective integration algorithms for rate constitutive equations, the theory of hyperelastic-based plasticity models and small and large deformation viscoelasticity. Computational Inelasticity will be of great interest to researchers and graduate students in various branches of engineering, especially civil, aeronautical and mechanical, and applied mathematics."
=020  \\$a0387975209 (acid-free paper)
=100  1\$aSimo, J. C.$q(Juan C.),$d1952-1994.
=700  1\$aHughes, Thomas J. R.
=650  \0$aElasticity.
=650  \0$aViscoelasticity.
=010  \\$a###97026427#
=040  \\$aDLC$cDLC$dDLC
=050  00$aQA931$b.S576 1997
=005  20131203142441.0
=856  42$3Publisher description$uhttp://www.loc.gov/catdir/enhancements/fy0813/97026427-d.html
=856  41$3Índice$uhttp://www.loc.gov/catdir/enhancements/fy0813/97026427-t.html
=003  AR-BCCAB
=082  00$a531/.382$221
=942  \\$cBK
=952  \\$2udc$aARBCCAB$bARBCCAB$d2013-12-03$i22468$o539.3 Si51$p22468$yBK
