=LDR  00000pam##2200000#a#4500

=001  017830
=008  881212s1989####enkd###f#b####001#0#eng##
=245  10$aStatistics :$ba guide to the use of statistical methods in the physical sciences /$cRoger Barlow.
=260  \\$aChichester, England :$bWiley,$cc1989.
=300  \\$axv, 204 p. :$bil. ;$c24 cm.
=490  0\$aThe Manchester physics series
=504  \\$aIncluye referencias bibliográficas (p. [187]-189) e índice.
=520  \\$aThe Manchester Physics Series General Editors: D. J. Sandiford; F. Mandl; A. C. Phillips Department of Physics and Astronomy, University of Manchester Properties of Matter B. H. Flowers and E. Mendoza Optics Second Edition F. G. Smith and J. H. Thomson Statistical Physics Second Edition F. Mandl Electromagnetism Second Edition I. S. Grant and W. R. Phillips Statistics R. J. Barlow Solid State Physics Second Edition J. R. Hook and H. E. Hall Quantum Mechanics F. Mandl Particle Physics Second Edition B. R. Martin and G. Shaw The Physics of Stars Second Edition A.C. Phillips Computing for Scientists R. J. Barlow and A. R. Barnett Written by a physicist, Statistics is tailored to the needs of physical scientists, containing and explaining all they need to know. It concentrates on parameter estimation, especially the methods of Least Squares and Maximum Likelihood, but other techniques, such as hypothesis testing, Bayesian statistics and non-parametric methods are also included. Intended for reasonably numerate scientists it contains all the basic formulae, their derivations and applications, together with some more advanced ones. Statistics features: Comprehensive coverage of the essential techniques physical scientists are likely to need. A wealth of examples, and problems with their answers. Flexible structure and organisation allows it to be used as a course text and a reference. A review of the basics, so that little prior knowledge is required.
=020  \\$a0471922943
=020  \\$a0471922951 (pbk.) :$c{dollar} 360
=100  1\$aBarlow, Roger$q(Roger J.)
=080  \\$a531.19
=650  \7$aFísica estadística.$2lemb
=650  \7$aStatistical physics.$2lemb
=010  \\$a###88033908#
=040  \\$aDLC$cDLC$dDLC$bspa$darbccab
=856  41$uhttps://images-na.ssl-images-amazon.com/images/I/51oQ65uaj2L.%5FSX346%5FBO1,204,203,200%5F.jpg$3Tapa
=856  41$uhttp://campi.cab.cnea.gov.ar/tocs/23832.pdf$3Índice
=005  20190507093022.0
=003  AR-BCCAB
=942  \\$cBK
=952  \\$2udc$aARBCCAB$bARBCCAB$d20190405$eCiencia y técnica$g$i22517$o531.19 B249$p22517$yBK
=952  \\$2udc$aARBCCAB$bARBCCAB$d20190405$eCiencia y técnica$g$i22518$o531.19 B249 Ej.2$p22518$yBK
=952  \\$2udc$aARBCCAB$bARBCCAB$d2014-02-24$eCiencia y técnica$g$i22519$o531.19 B249 Ej.3$p22519$yBK
=952  \\$2udc$aARBCCAB$bARBCCAB$d20190405$eCiencia y técnica$g$i22520$o531.19 B249 Ej.4$p22520$yBK
=952  \\$2udc$aARBCCAB$bARBCCAB$d20190405$eCiencia y técnica$g$i22521$o531.19 B249 Ej.5$p22521$yBK
=952  \\$2udc$aARBCCAB$bARBCCAB$d2019-02-11$eEdiciones Journal$g$i23832$o531.19 B249 Ej.6$p23832$yBK
