=LDR  00000nam##22000005a#4500

=001  017846
=008  140317s2007####ne#a#####b####001#0#eng##
=245  10$aStochastic processes in physics and chemistry /$cN.G. van Kampen.
=250  \\$a3rd. ed.
=260  \\$aAmsterdam :$bElsevier,$c2007.
=300  \\$axvi, 463 p. :$bil. ;$c24 cm.
=504  \\$aIncluye referencias bibliográficas e índice.
=520  \\$aThe third edition of Van Kampen's standard work has been revised and updated. The main difference with the second edition is that the contrived application of the quantum master equation in section 6 of chapter XVII has been replaced with a satisfactory treatment of quantum fluctuations. Apart from that throughout the text corrections have been made and a number of references to later developments have been included. From the recent textbooks the following are the most relevant. C.W.Gardiner, Quantum Optics (Springer, Berlin 1991) D.T. Gillespie, Markov Processes (Academic Press, San Diego 1992) W.T. Coffey, Yu.P.Kalmykov, and J.T.Waldron, The Langevin Equation (2nd edition, World Scientific, 2004) * Comprehensive coverage of fluctuations and stochastic methods for describing them * A must for students and researchers in applied mathematics, physics and physical chemistry
=020  \\$a0444529659
=020  \\$a9780444529657
=100  1\$aKampen, N. G. van.
=080  \\$a519.216
=650  \0$aStochastic processes.
=650  \0$aStatistical physics.
=650  \0$aChemistry, Physical and theoretical$xStatistical methods.
=650  \7$aQuímica.$2inist
=650  \7$aProcesos estocásticos.$2inist
=650  \7$aEstadística.$2inist
=650  \7$aFísica.$2inist
=690  \\$aIngeniería en Telecomunicaciones
=040  \\$aDLC$cDLC$dDLC$bspa$darbccab
=856  41$uhttp://ecx.images-amazon.com/images/I/41aByWEpmCL.%5FAA160%5F.jpg$3Tapa
=856  41$uhttp://campi.cab.cnea.gov.ar/tocs/23018.pdf$3Indice
=005  20160210105659.0
=003  AR-BCCAB
=082  00$a519.2$219
=942  \\$cBK
=952  \\$2udc$aARBCCAB$bARBCCAB$d2014-02-24$eCiencia y Técnica$g$i22545$o519.216 V315 Ed.3$p22545$yBK
=952  \\$2udc$aARBCCAB$bARBCCAB$d2014-02-24$eCiencia y Técnica$g$i22546$o519.216 V315 Ed.3 Ej.2$p22546$yBK
=952  \\$2udc$aARBCCAB$bARBCCAB$d2014-02-24$eCiencia y Técnica$g$i22548$o519.216 V315 Ed.3 Ej.3$p22548$yBK
=952  \\$2udc$aARBCCAB$bARBCCAB$d2014-02-24$eCiencia y Técnica$g$i22549$o519.216 V315 Ed.3 Ej.4$p22549$yBK
=952  \\$2udc$aARBCCAB$bARBCCAB$d2014-02-24$eCiencia y Técnica$g$i22550$o519.216 V315 Ed.3 Ej.5$p22550$yBK
=952  \\$2udc$aARBCCAB$bARBCCAB$d20160205$eCiencia y Técnica$g$i23018$o519.216 V315 Ed.3 Ej.6$p23018$yBK$zFondo de Telecomunicaciones
