=LDR  00000nam##22000005a#4500

=001  017957
=008  100318s2013####enkab####b####001#0#eng##
=245  10$aStructural geology /$cHaakon Fossen.
=250  \\$a1st. published, 4th printing.
=260  \\$aCambridge :$bCambridge University Press,$c2013.
=300  \\$axv, 463 p. :$bil. (algunas col.), mapas col. ;$c29 cm.
=504  \\$aIncluye referencias bibliográficas (p. [451]-454), índice (p. [457]-463) y glosario (p. [428]-450).
=520  \\$a"Lavishly illustrated in color, this textbook takes an applied approach to introduce undergraduate students to the basic principles of structural geology. The book provides unique links to industry applications in the upper crust, including petroleum and groundwater geology, which highlight the importance of structural geology in exploration and exploitation of petroleum and water resources. Topics range from faults and fractures forming near the surface to shear zones and folds of the deep crust. Students are engaged through examples and parallels drawn from practical everyday situations, enabling them to connect theory with practice. Containing numerous end-of-chapter problems, e-learning modules, and with stunning field photos and illustrations, this book provides the ultimate learning experience for all students of structural geology"--$cprovisto por el publicador
=505  8\$aList of symbols -- 1. Structural geology and structural analysis -- 2. Deformation -- 3. Strain in rocks -- 4. Stress -- 5. Stress in the lithosphere -- 6. Rheology -- 7. Fracture and brittle deformation -- 8. Faults -- 9. Kinematics and paleostress in the brittle regime -- 10. Deformation at the microscale -- 11. Folds and folding -- 12. Foliation and cleavage -- 13. Lineations -- 14. Boudinage -- 15. Shear zones and mylonites -- 16. Contractional regimes -- 17. Extensional regimes -- 18. Strike-slip, transpression and transtension -- 19. Salt tectonics -- 20. Balancing and restoration -- Appendix A. More about the deformation matrix -- Appendix B. Stereographic projection
=020  \\$a9780521516648 (hardback)
=100  1\$aFossen, Haakon,$d1961-
=650  \7$aGeología$2inist
=650  \7$aGeotectónica$2lemb
=650  \7$aGeology$2inist
=650  \7$aGeology, Structural$2inist
=010  \\$a##2010011781
=016  7\$a015522252$2Uk
=040  \\$aDLC$cDLC$dYDX$dBTCTA$dYDXCP$dBWK$dCDX$dUKM$dBWX$dDLC
=050  00$aQE601$b.F687 2010
=005  20141119161359.0
=856  42$3Tapa$uhttp://assets.cambridge.org/97805215/16648/cover/9780521516648.jpg
=003  AR-BCCAB
=082  00$a551.8$222
=942  \\$cBK
=952  \\$2udc$aARBCCAB$bARBCCAB$d20141119$i22698$o55 F795$p22698$yBK
