=LDR  00000cam##22000004a#4500

=001  017970
=008  141202s2011####ag############000#0#und#d
=245  00$aCuadernos de arquitectura sustentable :$bartículos seleccionados, 2011 /$ccompiladores, Jorge D. Czajkowski, Analía F. Gómez ; autores, Jorge D. Czajkowski ... [et. al].
=250  \\$a1ª ed.
=260  \\$aBuenos Aires :$bLAyHS,$c2011.
=300  \\$a255 p. ;$c23 cm.
=500  \\$a"Autores, Jorge D. Czajkowski, Analía F. Gómez, Celina Felippín, Carolina S. Vagge, M. Belén Salvetti, María de la Paz Diulio, Mariela I. Marcilese, Cristian J. Díaz, Mauro G. García Santa Cruz, M. Gracia Bianciotto".
=505  0\$aCiudad y energía: modelización -- Normalización -- Edificios de viviendas -- Edificios en altura -- Edificios culturales. Evaluación y diagnóstico -- Edificios educativos. Evaluación y diagnóstico
=520  \\$a"El libro en su primer volumen busca reunir artículos seleccionados ya publicados en congresos y seminarios a fin de mostrar de manera compacta los temas en los que ha trabajado la Cátedra de Instalaciones Czajkowski-Gómez en el período 2005-2009 y el LAyHS en el período 2009-2011."--repositorio SEDICI
=020  \\$a9789503408001
=700  1\$aCzajkowski, Jorge D.,$ecomp.
=700  1\$aGómez, Analía F.,$ecomp.
=653  \\$aSustentabilidad
=653  \\$aHábitat
=653  \\$aEficiencia energética
=653  \\$aEdificios
=653  \\$aRegulación energética
=653  \\$aEdificios culturales
=653  \\$aEdificios educativos
=653  \\$aEdificios de viviendas
=653  \\$aCiudad y Energía
=653  \\$aModelización y Simulación
=040  \\$aarbccab$bspa
=005  20150706092002.0
=856  41$3Texto completo$uhttp://sedici.unlp.edu.ar/handle/10915/40654
=003  AR-BCCAB
=082  04$a720
=942  \\$cBK
=952  \\$2udc$aARBCCAB$bARBCCAB$i22718$o72 C8911$p22718$yBK
