=LDR  00000nam##22000005a#4500

=001  017994
=008  040204s2004####njud#####b####001#0#eng##
=245  10$aLightwave technology :$bcomponents and devices /$cGovind P. Agrawal
=260  \\$aHoboken, NJ :$bJohn Wiley,$c2004.
=300  \\$axiv, 427 p. :$bil. ;$c25 cm. +$e1 CD-ROM (4 3/4 in.)
=504  \\$aIncluye referencias bibliográficas e índice.
=520  \\$aThis book is a comprehensive treatise on the components and devices of the lightwave explosion. Multiple advances in lightwave technology have led to a veritable overload of global information systems throughout the world. Given the sheer number and growing importance of such systems, Govind Agrawal's "Lightwave Technology" answers the need for a comprehensive and up-to-date account of all major aspects of this rapidly expanding field. "Components and Devices", the first independent volume of this two-volume engineering resource, is devoted to describing a multitude of today's silica- and semiconductor- based optical devices. Conceived and written by the foremost expert and bestselling author in the fiber optic field, the text provides detailed, in-depth coverage of both theoretical and practical aspects of the science, including: Fiber optics; Passive and active fiber components; Planar waveguides; Semiconductor lasers and amplifiers; Optical modulators Photodetectors; WDM components; and, Space- and time- domain switching. The second volume, "Lightwave Technology: Communication Systems", deals with the design and performance of modern transmission systems making use of these devices. Complete with chapter problems, a CD, and a "Solutions Manual", this title serves as both a basic text book for students and a practical everyday reference for engineers and researchers in the field.
=020  \\$a0471215732
=100  1\$aAgrawal, G. P.$q(Govind P.),$d1951-
=080  \\$a681.7.068
=653  \\$aElectrooptics
=653  \\$aOptical devices
=653  \\$aElectroóptica
=653  \\$aDispositivos opticos
=690  \\$aIngeniería en Telecomunicaciones$bSeñales y sistemas ópticos$bSistemas y tecnologías de las telecomunicaciones
=010  \\$a##2004044059
=040  \\$aDLC$cDLC$dDLC$bspa$darbccab
=856  41$uhttp://ecx.images-amazon.com/images/I/410LzBgOguL.%5FAA160%5F.jpg$3Tapa
=856  41$uhttp://www.loc.gov/catdir/toc/wiley041/2004044059.html$3Table of contents
=005  20160224135901.0
=003  AR-BCCAB
=082  00$a621.381/045$222
=942  \\$cBK
=952  \\$2udc$aARBCCAB$bARBCCAB$d20150429$eCerutti Nilda Cristina$g$i22752$o681.7.068 Ag81$p22752$yBK$zFondos de telecomunicaciones
=952  \\$2udc$aARBCCAB$bARBCCAB$i22973$o681.7.068 Ag81 Ej.2$p22973$yBK
=952  \\$2udc$aARBCCAB$bARBCCAB$i22753$o681.7.068 Ag81 CD ROM CD-ROM$p22753$yCF
=952  \\$2udc$aARBCCAB$bARBCCAB$i22974$o681.7.068 Ag81 CD ROM CD-ROM Ej.2$p22974$yCF
