=LDR  00000cam##22000004a#4500

=001  018068
=008  150812s2014####au#ad##fsb####001#0#eng#d
=245  00$aJustification of practices, including non-medical human imaging$h[recurso electrónico] :$bgeneral safety guide /$cInternational Atomic Energy Agency.
=260  \\$aVienna :$bIAEA,$c2014.
=300  \\$a57 p. :$bil. ;$c24 cm.
=490  0\$aIAEA Safety Standards Series ;$vno. SSG-5,$x1020525X
=500  \\$aSTI/PUB/1650.
=500  \\$aTítulo tomado de la versión electrónica (consultado: 12.08.15).
=504  \\$aIncludes bibliographical references.
=520  \\$aThis Safety Guide was developed to assist governments and regulatory bodies with the assessment of particularly challenging proposals for the use of radiation; in particular, in human imaging for purposes other than medical diagnosis, medical treatment or biomedical research, such as for security screening at airports. It complements the guidance provided in the IAEA Safety Guide on the Regulatory Control of Radiation Sources. It provides guidance to governments and regulatory bodies on the elements that should be considered and the process that should be applied in determining whether the introduction of a particular type of practice is justified. It is intended to assist in the decision making process when confronted with a need or a request to authorize a novel type of practice or a need to review the justification of types of practice that are already established. The publication also provides some guidance to those wishing to demonstrate to the government or regulatory body that a particular type of practice is justified.
=538  \\$aModo de acceso: World Wide Web.
=020  \\$a9789201024145
=710  2\$aInternational Atomic Energy Agency.
=080  \\$a614.876
=650  \7$aIonizing radiation$xStandards$2inist
=650  \7$aIonizing radiation - Safety measures$2inist
=650  \7$aRadiation -Safety measures$2inist
=650  \7$aImaging systems$2inist
=650  \7$aRadiación Ionizante$2lemb
=650  \7$aRadiación - Medidas de seguridad$2lemb
=653  \\$aSistemas radiológicos
=040  \\$aarbccab$bspa
=856  40$qpdf$s656 Kb$uhttp://www-pub.iaea.org/MTCD/Publications/PDF/Pub1650web-23654722.pdf$3Texto completo
=856  40$uhttp://campi.cab.cnea.gov.ar/tocs/tapas/p1650cov-75443484.jpg$3Tapa
=005  20160418140031.0
=003  AR-BCCAB
=942  \\$cBK
