=LDR  00000nam##22000005a#4500

=001  018070
=008  150813s2014####au#ad##fsb####001#0#eng#d
=245  04$aThe radiological accident in Lia, Georgia.$h[recurso electrónico] /$cInternational Atomic Energy Agency.
=260  \\$aVienna :$bIAEA,$c2014.
=300  \\$a149 p. :$bil. (algunas col.) ;$c24 cm.
=500  \\$aSTI/PUB/1660.
=500  \\$aTítulo tomado de la versión electrónica (consultado: 13.08.15).
=504  \\$aIncludes bibliographical references.
=520  \\$aUnder the Convention on Assistance in Case of a Nuclear Accident or Radiological Emergency, the Georgian authorities requested assistance from the IAEA in relation to the 2001 radiological accident in Lia. This assistance related to advice on the dose assessment, source recovery and medical management of those involved in the accident. This report provides the detailed information on the accident and presents the findings and conclusions and lessons learned from the treatment of the overexposed victims. The aim is to help to avoid similar occurrences by improving safety, and to minimize the consequences of any such events that do occur.
=538  \\$aModo de acceso: World Wide Web.
=020  \\$a9789201036148
=710  2\$aInternational Atomic Energy Agency.
=080  \\$a614.876
=650  \7$aRadiation injuries$zGeorgia (Republic)$2inist
=650  \7$aRadioactive sources$2inist
=650  \7$aRadionuclide generators$2inist
=650  \7$aLesiones producidas por radiaciones$2inist
=653  \\$aFuentes radioactivas
=653  \\$aGenerador de radionucleidos
=040  \\$aarbccab$bspa
=856  40$qpdf$s7.614 Kb$uhttp://www-pub.iaea.org/MTCD/Publications/PDF/Pub1660web-81061875.pdf$3Texto completo
=856  40$uhttp://campi.cab.cnea.gov.ar/tocs/tapas/p1660cov-62222149.jpg$3Tapa
=005  20160418140329.0
=003  AR-BCCAB
=942  \\$cBK
