=LDR  00000nam##22000005a#4500

=001  018071
=008  150813s2014####au#ad##fsb####001#0#eng#d
=245  00$aRadiological crime scene management :$bimplementing guide$h[recurso electrónico] /$cInternational Atomic Energy Agency.
=260  \\$aVienna :$bIAEA,$c2014.
=300  \\$a93 p. :$bil. (algunas col.) ;$c24 cm.
=490  0\$aIAEA Nuclear Security Series,$x1816-9317 ;$vno. 22-G
=500  \\$aSTI/PUB/1672.
=500  \\$aTítulo tomado de la versión electrónica (consultado: 13.08.15).
=504  \\$aIncludes bibliographical references.
=520  \\$aRadiological crime scene management is the process used to ensure safe, secure, effective and efficient operations at a crime scene where nuclear or other radioactive materials are known, or suspected, to be present. Managing a radiological crime scene is a key part of responding to a nuclear security event. Evidence collection at radiological crime scenes may share a wide range of characteristics with that at conventional crime scenes, such as evidence search patterns, geographical scene modelling and evidence recording, whether or not explosives are involved. This publication focuses on the framework and functional elements for managing a radiological crime scene that are distinct from any other crime scene. It assumes that states have a capability for managing conventional crime scenes.
=538  \\$aModo de acceso: World Wide Web.
=020  \\$a9789201087140
=710  2\$aInternational Atomic Energy Agency.
=246  14$aJointly sponsored by the International Atomic Energy Agency, International Criminal Police OrganizationInterpol, and the United Nations Interregional Crime and Justice Research Institute
=080  \\$a536.16:343.9
=650  \7$aRadioactive substances - Detection$2inist
=650  \7$aRadioactive substances - Security measures$2inist
=650  \7$aCrime scenes$2inist
=650  \7$aForensic sciences$2inist
=650  \7$aCriminología$2inist
=650  \7$aSustancias radiactivas$2lemb
=653  \\$aEscena del crimen
=040  \\$aarbccab$bspa
=856  40$qpdf$s1.559 Kb$uhttp://www-pub.iaea.org/MTCD/Publications/PDF/Pu1672web-85447671.pdf$3Texto completo
=856  40$uhttp://campi.cab.cnea.gov.ar/tocs/tapas/p1672cov-46166006.jpg$3Tapa
=005  20151112103534.0
=003  AR-BCCAB
=942  \\$cBK
