=LDR  00000nam##22000005a#4500

=001  018072
=008  150814s2014####au#ad##fsb####001#0#eng#d
=245  00$aGuided intraoperative scintigraphic tumour targeting (GOSTT)$h[recurso electrónico] :$bimplementing advanced hybrid molecular imaging and non-imaging probes for advanced cancer management /$cInternational Atomic Energy Agency.
=260  \\$aVienna :$bIAEA,$c2014.
=300  \\$axiv, 296 p. :$bil. (algunas col.) ;$c24 cm.
=490  0\$aIAEA Human Health Series,$x2075-3772 ;$vno. 29
=500  \\$aSTI/PUB/1648.
=500  \\$aTítulo tomado de la versión electrónica (consultado: 14.08.15).
=504  \\$aIncludes bibliographical references.
=520  \\$aThis publication provides an updated source for professionals involved in employing guided intraoperative scintigraphic tumour targeting (GOSTT). Its content contributes to supporting both the clinical decision making process and the implementation of minimally invasive surgical procedures. The publication provides an update on innovations in the use of radiopharmaceuticals for sentinel lymph node mapping and sentinel lymph node biopsy. In addition, it provides an update on advances in the implementation of hybrid imaging technologies for the surgical management of patients with cancer in conjunction with intraoperative regional lymph node mapping. The experience with the use of small field scintigraphic imaging devices in the operating theatre is also presented.
=538  \\$aModo de acceso: World Wide Web.
=020  \\$a9789201022141
=710  2\$aInternational Atomic Energy Agency.
=080  \\$a61:53
=650  \7$aCancer - Diagnosis$2inist
=650  \7$aLymph nodes - Cancer$2inist
=650  \7$aRadiopharmaceuticals$2inist
=650  \7$aPositrom-Emission Tomography$2inist
=650  \7$aGanglios linfáticos$2lemb
=650  \7$aRadiofarmacos$2lemb
=650  \7$aPositrones$2inist
=040  \\$aarbccab$bspa
=856  40$qpdf$s8.323 Kb$uhttp://www-pub.iaea.org/MTCD/Publications/PDF/Pub1648web-19833477.pdf$3Texto completo
=856  40$uhttp://campi.cab.cnea.gov.ar/tocs/tapas/p1648cov-1010388.jpg$3Tapa
=005  20151112103600.0
=003  AR-BCCAB
=942  \\$cBK
