=LDR  00000nam##22000005a#4500

=001  018074
=008  150814s2015####au#a###fsb####001#0#eng#d
=245  00$aYttrium-90 and Rhenium-188 radiopharmaceuticals for radionuclide therapy$h[recurso electrónico] /$cInternational Atomic Energy Agency.
=260  \\$aVienna :$bIAEA,$c2015.
=300  \\$a301 p. :$bil. (algunas col.) ;$c24 cm.
=490  0\$aIAEA Radioisotopes and Radiopharmaceuticals Series,$x2077-6462 ;$vno. 5
=500  \\$aSTI/PUB/1662.
=500  \\$aTítulo tomado de la versión electrónica (consultado: 14.08.15).
=504  \\$aIncludes bibliographical references.
=520  \\$aA key requirement for the effective implementation of the therapeutic approach, based on the intravenous administration of radiolabelled compounds (radionuclide therapy), is the sufficient availability of radionuclides with appropriate physical characteristics. Based on their nuclear properties, 188Re and 90Y are considered among the most interesting radionuclides for therapy. Furthermore, they are produced through portable generators, which give opportunities for ensuring a worldwide distribution of these radionuclides. This publication illustrates recent studies aimed at investigating efficient quality control methods to ensure both the radionuclidic purity of generator eluates, and the proper preparation of new target specific 188Re and 90Y radiopharmaceuticals for various clinical applications.
=538  \\$aModo de acceso: World Wide Web.
=020  \\$a9789201038142
=710  2\$aInternational Atomic Energy Agency.
=080  \\$a61:621.039
=650  \7$aRadionuclide generators$2inist
=650  \7$aRadioisotopes$2inist
=650  \7$aRadiopharmaceuticals$2inist
=650  \7$aYttrium - Isotopes - Therapeutic use$2inist
=650  \7$aRhenium - Isotopes - Therapeutic use$2inist
=650  \7$aRadionucleidos$2inist
=650  \7$aRadisotopos$2inist
=650  \7$aRadiofarmacos$2inist
=650  \7$aItrio$2inist
=650  \7$aRenio$2inist
=040  \\$aarbccab$bspa
=856  40$qpdf$s10.337 Kb$uhttp://www-pub.iaea.org/MTCD/Publications/PDF/Pub1662web-89688003.pdf$3Texto completo
=856  40$uhttp://campi.cab.cnea.gov.ar/tocs/tapas/p1662cov-54768397.jpg$3Tapa
=005  20151112103700.0
=003  AR-BCCAB
=942  \\$cBK
