=LDR  00000nam##22000005a#4500

=001  018079
=008  150819s2014####au#a###fsb####001#0#eng#d
=245  00$aNuclear medicine physics$h[recurso electrónico] :$ba handbook for students and teachers /$ctechnical editors D.L. Bailey...[et al.] ; International Atomic Energy Agency.
=260  \\$aVienna :$bIAEA,$c2014.
=300  \\$a736 p. :$bil. (algunas col.) ;$c24 cm.
=500  \\$aSTI/PUB/1617.
=500  \\$aEndorsed by: American Association of Physicists in Medicine, AsiaOceania Federation of Organizations for Medical Physics, Australasian College of Physical Scientists and Engineers in Medicine, European Federation of Organisations for Medical Physics, Federation of African Medical Physics Organisations, World Federation of Nuclear Medicine and Biology.
=500  \\$aTítulo tomado de la versión electrónica (consultado: 19.08.15).
=504  \\$aIncludes bibliographical references.
=520  \\$aThis publication provides the basis for the education of medical physicists initiating their university studies in the field of nuclear medicine. The handbook includes 20 chapters and covers topics relevant to nuclear medicine physics, including basic physics for nuclear medicine, radionuclide production, imaging and non-imaging detectors, quantitative nuclear medicine, internal dosimetry in clinical practice and radionuclide therapy. It provides, in the form of a syllabus, a comprehensive overview of the basic medical physics knowledge required for the practice of medical physics in modern nuclear medicine.
=538  \\$aModo de acceso: World Wide Web.
=020  \\$a789201438102
=700  1\$aBailey, D. L.,$eed.
=700  1\$aHumm, J. L.,$eed.
=700  1\$aTodd-Pokropek, A.,$eed.
=700  1\$aVan Aswegen, A.,$eed.
=710  2\$aInternational Atomic Energy Agency.
=080  \\$a61:621.039
=650  \7$aNuclear medicine$vHandbooks, manuals, etc.$2inist
=650  \7$aMedical physics handbooks$2inist
=650  \7$aMedical physics$2inist
=650  \7$aMedicina nuclear$2inist
=650  \7$aFísica médica$2lemb
=040  \\$aarbccab$bspa
=856  40$qpdf$s19683 Kb$uhttp://www-pub.iaea.org/MTCD/Publications/PDF/Pub1617web-1294055.pdf$3Texto completo
=856  40$uhttp://campi.cab.cnea.gov.ar/tocs/tapas/p1617cov-37135875.jpg$3Tapa
=005  20151112103946.0
=003  AR-BCCAB
=942  \\$cBK
