=LDR  00000nam##22000005a#4500

=001  018081
=008  150819s2015####au#####fsb####001#0#eng#d
=245  00$aPolicy and strategies for environmental remediation$h[recurso electrónico] /$cInternational Atomic Energy Agency.
=260  \\$aVienna :$bIAEA,$c2015.
=300  \\$a32 p. ;$c24 cm.
=490  0\$aIAEA Nuclear Energy Series ;$vno. NW-G-3.1,$x19957807
=500  \\$aSTI/PUB/1658.
=500  \\$aTítulo tomado de la versión electrónica (consultado: 18.08.15).
=504  \\$aIncludes bibliographical references.
=520  \\$aTo assure the safe, technically optimal and cost effective management of remediation situations, appropriate policies and strategies are required. This publication describes the goals, time scales, efforts necessary for implementation, cost allocation and the different interests of concerned parties with regard to environmental remediation works. It clarifies the differences between a policy and a strategy, and provides advice to Member States on the typical composition and formulation of such documents. Along with previously published IAEA safety publications on environmental remediation, this publication will help national authorities to recognize the necessity for including environmental remediation as a required component in the planning and execution of nuclear related initiatives. Recent events have shown that the existence of an established policy and strategies on environmental remediation prior to nuclear and/or radiological accidents can be of fundamental importance, as it will among other things facilitate the dialogue to be established with different affected parties.
=538  \\$aModo de acceso: World Wide Web.
=020  \\$a9789201033147
=710  2\$aInternational Atomic Energy Agency.
=080  \\$a614.75
=650  \7$aHazardous waste site remediation$xManagement$2inist
=650  \7$aRadioactive waste sites$xCleanup$2inist
=650  \7$aRadioactive decontamination$xPlanning$2inist
=650  \7$aRadioactive pollution$xEnvironmental aspects$2inist
=650  \7$aResiduos radioactivos$2inist
=650  \7$aDescontaminación radiactiva$2inist
=650  \7$aContaminación$2inist
=040  \\$aarbccab$bspa
=856  40$qpdf$s1.830 Kb$uhttp://www-pub.iaea.org/MTCD/Publications/PDF/Pub1658%5Fweb.pdf$3Texto completo
=856  40$uhttp://campi.cab.cnea.gov.ar/tocs/tapas/10622.jpg$3Tapa
=005  20151112104042.0
=003  AR-BCCAB
=942  \\$cBK
