=LDR  00000nmm##22000005a#4500

=001  018083
=008  150820s2015####au#a###fsb####101#0#eng#d
=245  10$aProceedings of an International Conference on the safety and security of radioactive sources$h[recurso electrónico] :$bmaintaining global control of sources throughout their life cycle /$corganized by the International Atomic Energy Agency, in cooperation with the International Commission on Radiological Protection, International Criminal Police Organization, International Source Suppliers and Producers Association and World Institute for Nuclear Security, hosted by the government of the United Arab Emirates and held in Abu Dhabi, 2731 october 2013.
=260  \\$aVienna :$bIAEA,$c2015.
=300  \\$a783 p. :$bil. (algunas col.) ;$c24 cm. +$e1 CD-ROM.
=490  0\$aProceedings Series,$x00741884
=500  \\$aSTI/PUB/1667.
=500  \\$aIncludes Companion CD.
=500  \\$aTítulo tomado de la versión electrónica (consultado: 20.08.15).
=504  \\$aIncludes bibliographical references.
=520  \\$aThe IAEA works with its Member States to help them ensure the safety and security of radioactive sources. The purpose of this conference was to review current success and challenges in ensuring the safety and security of radioactive sources and to identify means to maintain the highest level of safety and security throughout their life cycle, from manufacture to disposal. These proceedings contain the opening addresses, the invited and contributed papers presented during the sessions, and summaries of the discussions. The accompanying CD-ROM contains the presentations of most of the papers presented orally, as well as the complete text of the printed volume. The CD-ROM also contains the national reports on implementation of the Code of Conduct submitted to the conference by states, as per the formalized process established in 2006.
=538  \\$aModo de acceso: World Wide Web.
=020  \\$a9789201052148
=111  2\$aInternational Conference on the safety and security of radioactive sources : maintaining global control of sources throughout their life cycle$d(2731 October 2013 :$cAbu Dhabi, United Arab Emirates)
=710  2\$aInternational Atomic Energy Agency.
=080  \\$a614.876
=650  \7$aRadioactive substances - Security measures$vCongresses$2inist
=650  \7$aRadioactive substances - Safety measures$vCongresses$2inist
=650  \7$aRadiation - Safety measures$2inist
=650  \7$aSustancias radioactivas$2lemb
=650  \7$aRadiación - Medidas de seguridad$2lemb
=040  \\$aarbccab$bspa
=856  40$qpdf$s11.893 Kb$uhttp://www-pub.iaea.org/MTCD/Publications/PDF/Pub1667%5Fweb.pdf$3Texto completo
=856  40$qpdf$s65.797 Mb$uhttp://www-pub.iaea.org/books/IAEABooks/Supplementary%5FMaterials/files/10678/Proceedings-International-Conference-Safety-Security-Radioactive-Sources-Maintaining-Continuous-Global-Control-Sources-throughout-their-Life-Cycle$3Download Companion CD
=856  40$uhttp://campi.cab.cnea.gov.ar/tocs/tapas/10678.jpg$3Tapa
=005  20151007154526.0
=003  AR-BCCAB
=942  \\$cBK
