=LDR  00000nam##22000005a#4500

=001  018084
=008  150820s2015####au#a###fsb####001#0#eng#d
=245  00$aRadiopharmaceuticals for sentinel lymph node detection$h[recurso electrónico] :$bstatus and trends /$cInternational Atomic Energy Agency.
=260  \\$aVienna :$bIAEA,$c2015.
=300  \\$a162 p. :$bil. (algunas col.), tablas ;$c24 cm.
=490  0\$aIAEA Radioisotopes and Radiopharmaceuticals Series,$x2077-6462 ;$vno. 6
=500  \\$aSTI/PUB/1674.
=500  \\$aTítulo tomado de la versión electrónica (consultado: 20.08.15).
=504  \\$aIncludes bibliographical references.
=520  \\$aThis book summarizes the current status and future trends in the development of radiopharmaceuticals for sentinel lymph node detection (SLND), an essential diagnostic tool for the effective treatment of superficial cancers such as breast tumours and melanoma. The publication covers all current aspects of this diagnostic methodology, including the production of nanocolloidal particles, their biological mechanism of action and relevant clinical applications. It also illustrates the recent developments in the field fuelled by the introduction of molecular imaging agents for SLND and of multimodality optical and radioactive agents. Included in the results presented in this book, are those on the novel generation of SLND radiopharmaceuticals obtained through an IAEA coordinated research project.
=538  \\$aModo de acceso: World Wide Web.
=020  \\$a9789201097149
=710  2\$aInternational Atomic Energy Agency.
=080  \\$a61:621.039
=650  \7$aRadioactive tracers$2inist
=650  \7$aLymph nodes - Biopsy$2inist
=650  \7$aCancer - Diagnosis$2inist
=650  \7$aRadiopharmaceuticals$2inist
=650  \7$aTrazadores radiactivos$2inist
=650  \7$aGanglios linfáticos$2inist
=650  \7$aRadiofarmacos$2inist
=040  \\$aarbccab$bspa
=856  40$qpdf$s2.489 Kb$uhttp://www-pub.iaea.org/MTCD/Publications/PDF/Pub1674web-3264500.pdf$3Texto completo
=856  40$uhttp://campi.cab.cnea.gov.ar/tocs/tapas/p1674cov-28272435.jpg$3Tapa
=005  20151112104317.0
=003  AR-BCCAB
=942  \\$cBK
