=LDR  00000nam##22000005a#4500

=001  018085
=008  150820s2015####au#####fsb####001#0#eng#d
=245  00$aQuality and reliability aspects in nuclear power reactor fuel engineering$h[recurso electrónico] /$cInternational Atomic Energy Agency.
=260  \\$aVienna :$bIAEA,$c2015.
=300  \\$a207 p. :$bil. (algunas col.), tablas ;$c24 cm.
=490  0\$aIAEA Nuclear Energy Series ;$vno. NF-G-2.1,$x19957807
=500  \\$aSTI/PUB/1656.
=500  \\$aTítulo tomado de la versión electrónica (consultado: 20.08.15).
=504  \\$aIncludes bibliographical references.
=520  \\$aIn order to decrease costs and increase competitiveness, nuclear utilities use more challenging operational conditions, longer fuel cycles and higher burnups, which require modifications in fuel designs and materials. Different aspects of quality assurance and control, as well as analysis of fuel performance have been considered in a number of specialized publications. The present publication provides a concise but comprehensive overview of all interconnected quality and reliability issues in fuel fabrication, design and operation. It jointly tackles technical, safety and organizational aspects, and contains examples of state of the art developments and good practices of coordinated work of fuel designers, vendors and reactor operators.
=538  \\$aModo de acceso: World Wide Web.
=020  \\$a9789201031143
=710  2\$aInternational Atomic Energy Agency.
=080  \\$a621.039.54
=650  \7$aNuclear fuel elements$xDesign and construction$2inist
=650  \7$aNuclear fuel rods$2inist
=650  \7$aNuclear fuels$2inist
=650  \7$aElementos combustibles$2inist
=650  \7$aCombustibles nucleares$2inist
=040  \\$aarbccab$bspa
=856  40$qpdf$s4.095 Kb$uhttp://www-pub.iaea.org/MTCD/Publications/PDF/Pub1656%5Fweb.pdf$3Texto completo
=856  40$uhttp://campi.cab.cnea.gov.ar/tocs/tapas/10576.jpg$3Tapa
=005  20151112104344.0
=003  AR-BCCAB
=942  \\$cBK
