=LDR  00000nam##22000005a#4500

=001  018086
=008  150820s2015####au#####fsb####101#0#eng#d
=245  10$aManagement of spent fuel from nuclear power reactors$h[recurso electrónico] :$bproceedings of an International Conference /$corganized by the International Atomic Energy Agency, in cooperation with the OECD Nuclear Energy Agency and held in Vienna, Austria, 31 May-4 June 2010.
=260  \\$aVienna :$bIAEA,$c2015.
=300  \\$a50 p. ;$c24 cm. +$e1 CD-ROM.
=490  0\$aProceedings Series,$x00741884
=500  \\$aSTI/PUB/1661.
=500  \\$aIncludes Companion CD.
=500  \\$aTítulo tomado de la versión electrónica (consultado: 20.08.15).
=504  \\$aIncludes bibliographical references.
=520  \\$aThis publication presents the proceedings of an international conference on spent fuel management organized by the IAEA in cooperation with the NEA of the OECD. The conference covered a broad range of topics from national strategies through safety and regulatory aspects, transport, technical innovation, fuel and material behaviour, operational experience with storage, new fuel and reprocessing developments, and long term storage and disposal. The conference also featured two round table discussion sessions covering regulatory frameworks and stakeholder issues. The proceedings include the opening presentations and the President's summary and the conclusions of the conference. A CD-ROM with contributed papers accompanies the publication.
=538  \\$aModo de acceso: World Wide Web.
=020  \\$a9789201037145
=111  2\$aInternational Conference on Management of spent fuel from nuclear power reactors$d(31 May-4 June 2010 :$cVienna, Austria)
=710  2\$aInternational Atomic Energy Agency.
=710  2\$aOECD Nuclear Energy Agency.
=080  \\$a621.039.54
=650  \7$aSpent reactor fuels$xManagement$vCongresses$2inist
=650  \7$aSpent reactor fuels$xStorage$vCongresses$2inist
=650  \7$aReactor fuel reprocessing$xWaste disposal$vCongresses$2inist
=650  \7$aCombustibles nucleares$2inist
=040  \\$aarbccab$bspa
=856  40$qpdf$s713 Kb$uhttp://www-pub.iaea.org/MTCD/Publications/PDF/Pub1661%5Fweb.pdf$3Texto completo
=856  40$qpdf$uhttp://www-pub.iaea.org/books/IAEABooks/Supplementary%5FMaterials/files/10387/Management-Spent-Fuel-from-Nuclear-Power-Reactors-Proceedings-International-Conference-held-Vienna-Austria-31-May-4-June-2010$3Download Companion CD
=856  40$uhttp://campi.cab.cnea.gov.ar/tocs/tapas/10387.jpg$3Tapa
=005  20151112104412.0
=003  AR-BCCAB
=942  \\$cBK
