=LDR  00000nam##22000005a#4500

=001  018094
=008  150821s2015####au#a###fsb####001#0#eng#d
=245  00$aRisk informed approach for nuclear security measures for nuclear and other radioactive material out of regulatory control$h[recurso electrónico] :$bimplementing guide /$cInternational Atomic Energy Agency.
=260  \\$aVienna :$bIAEA,$c2015.
=300  \\$a69 p. :$bil. (algunas col.), tablas ;$c24 cm.
=490  0\$aIAEA Nuclear Security Series ;$vno. 24-G,$x18169317
=500  \\$aSTI/PUB/1678.
=500  \\$aTítulo tomado de la versión electrónica (consultado: 21.08.15).
=504  \\$aIncludes bibliographical references.
=520  \\$aThis publication provides guidance to states for developing a risk informed approach and for conducting threat and risk assessments as the basis for the design and implementation of sustainable nuclear security systems and measures for prevention of, detection of, and response to criminal and intentional unauthorised acts involving nuclear and other radioactive material out of regulatory control. It describes concepts and methodologies for a risk informed approach, including identification and assessment of threats, targets, and potential consequences; threat and risk assessment methodologies, and the use of risk informed approaches as the basis for informing the development and implementation of nuclear security systems and measures. The publication is an Implementing Guide within the IAEA Nuclear Security Series and is intended for use by national policy makers, law enforcement agencies and experts from competent authorities and other relevant organizations involved in the establishment, implementation, maintenance or sustainability of nuclear security systems and measures related to nuclear and other radioactive material out of regulatory control.
=538  \\$aModo de acceso: World Wide Web.
=020  \\$a9789201003157
=710  2\$aInternational Atomic Energy Agency.
=080  \\$a621.039.7
=650  \7$aRadioactive substances - Safety measures$xInternational cooperation$2inist
=650  \7$aRadioactive substances - Security measures$2inist
=650  \7$aNuclear facilities - Security measures$2inist
=650  \7$aSustancias radiactivas$2lemb
=650  \7$aInstalaciones nucleares$2inist
=040  \\$aarbccab$bspa
=856  40$qpdf$s1.063 Kb$uhttp://www-pub.iaea.org/MTCD/Publications/PDF/Pub1678%5Fweb.pdf$3Texto completo
=856  40$uhttp://campi.cab.cnea.gov.ar/tocs/tapas/10677.jpg$3Tapa
=005  20151112104712.0
=003  AR-BCCAB
=942  \\$cBK
