=LDR  00000nam##22000005a#4500

=001  018095
=008  150821s2015####au#####f###m########eng#d
=245  00$aOperating Experience with Nuclear Power Stations in Member States in 2014$h[recurso electrónico] :$b2015 Edition (CD-ROM) /$cInternational Atomic Energy Agency.
=256  \\$aDatos electrónicos
=260  \\$aVienna :$bIAEA,$c2015.
=300  \\$a1 CD-ROM.
=500  \\$aSTI/PUB/1707.
=500  \\$aTítulo tomado de la versión electrónica.
=520  \\$aThis CD-ROM contains the 46th edition of the IAEA's series of annual reports on operating experience with nuclear power plants in Member States. It is a direct output from the IAEA's Power Reactor Information System (PRIS) and contains information on electricity production and overall performance of individual plants during 2014. In addition to annual information, the report contains a historical summary of performance during the lifetime of individual plants and figures illustrating worldwide performance of the nuclear industry. The CD-ROM contains also an overview of design characteristics and dashboards of all operating nuclear power plants worldwide.
=538  \\$aModo de acceso: World Wide Web.
=020  \\$a9789201550156
=710  2\$aInternational Atomic Energy Agency.
=080  \\$a621.039.5
=650  \7$aNuclear power plants$2inist
=650  \7$aLoad management$2inist
=650  \7$aPower reactors$2inist
=650  \7$aReactor licensing$2inist
=650  \7$aReactor operation$2inist
=650  \7$aReactor operators$2inist
=650  \7$aCentrales nucleares$2inist
=650  \7$aGestión de la carga eléctrica$2inist
=650  \7$aReactores de potencia$2inist
=650  \7$aAutorización de construcción del reactor$2inist
=650  \7$aFuncionamiento de los reactores$2inist
=650  \7$aOperadores del reactor$2inist
=040  \\$aarbccab$bspa
=856  40$qpdf$s20.65 Mb$uhttp://www-pub.iaea.org/MTCD/Publications/PDF/OPEX%5F2015%5FCD%5Fweb.pdf$3Texto completo
=856  40$uhttp://campi.cab.cnea.gov.ar/tocs/tapas/OPEX%5F2015cov.jpg$3Tapa
=005  20151112104755.0
=003  AR-BCCAB
=942  \\$cBK
