=LDR  00000nam##22000005a#4500

=001  018124
=008  130124t2013####flua#####b####001#0#eng##
=245  00$aMicrowave photonics /$cedited by Chi H. Lee.
=250  \\$a2nd ed.
=264  \0$aBoca Raton, Florida :$bTaylor & Francis Group,$cc2013.
=300  \\$ax, 485 p. :$bil. ;$c24 cm.
=504  \\$aIncluye referencias bibliográficas e índice.
=520  \\$a"In the past decade, we have witnessed world-wide growth of the field of microwave photonics. As microwave photonics deals with interaction between microwaves and optical waves, it leads to new communication systems called fiber-radios which transmit radio frequency signal over optical carriers. Updated to reflect advances in the field, this book provides a systematic introduction by giving a clear overview of many key technologies. In addition a complete revision, the second edition includes new chapters on fiber bragg gratings and applications in microwave photonics and ultrawide band millimeter photonics wireless links"--$cProvided by publisher.
=020  \\$a9781466502864 (hardback)
=700  1\$aLee, Chi H.,$eed.$4edt
=080  \\$a621.39
=650  \0$aOptical communications$xEquipment and supplies
=650  \0$aOptoelectronics
=650  \0$aMicrowave communication systems
=650  \0$aPhotonics
=650  \7$aComunicaciones ópticas$2lemb
=650  \7$aOptoelectrónica$2lemb
=650  \7$aSistemas de comunicación por microondas$2lemb
=653  \\$aFotónica
=690  \\$aIngeniería en Telecomunicaciones
=010  \\$a##2012050517
=040  \\$aDLC$cDLC$erda$bspa$darbccab
=856  41$uhttp://campi.cab.cnea.gov.ar/tocs/tapas/22926.jpg$3Tapa
=856  41$uhttp://campi.cab.cnea.gov.ar/tocs/22926.pdf$3Índice
=005  20151123140250.0
=003  AR-BCCAB
=082  00$a621.382/7$223
=942  \\$cBK
=952  \\$2udc$aARBCCAB$bARBCCAB$d20150907$eCerutti Nilda Cristina$g$i22926$o621.39 M583 Ed.2$p22926$yBK$zFondo de Telecomunicaciones.
=952  \\$2udc$aARBCCAB$bARBCCAB$i23003$o621.39 M583 Ed.2 Ej.2$p23003$yBK
