=LDR  00000cam##2200000#a#4500

=001  018126
=008  110620s2011####nyua#####b####001#0#eng##
=245  10$aApplied digital signal processing :$btheory and practice /$cDimitris G. Manolakis, Vinay K. Ingle.
=260  \\$aNew York :$bCambridge University Press,$c2011.
=300  \\$axv, 991 p. :$bil. ;$c26 cm.
=504  \\$aIncluye referencias bibliográficas (p. [968] -976) e índice.
=520  \\$a"Master the basic concepts and methodologies of digital signal processing with this systematic introduction, without the need for an extensive mathematical background. The authors lead the reader through the fundamental mathematical principles underlying the operation of key signal processing techniques, providing simple arguments and cases rather than detailed general proofs. Coverage of practical implementation, discussion of the limitations of particular methods and plentiful MATLAB illustrations allow readers to better connect theory and practice. A focus on algorithms that are of theoretical importance or useful in real-world applications ensures that students cover material relevant to engineering practice, and equips students and practitioners alike with the basic principles necessary to apply DSP techniques to a variety of applications. Chapters include worked examples, problems and computer experiments, helping students to absorb the material they have just read. Lecture slides for all figures and solutions to the numerous problems are available to instructors"--$cProvided by publisher.
=505  8\$aMachine generated contents note: 1. Introduction; 2. Discrete-time signals and systems; 3. The z-transform; 4. Fourier analysis of signals; 5. Transform analysis of LTI systems; 6. Sampling theory and practice; 7. The discrete Fourier transform; 8. Computation of the discrete Fourier transform; 9. Structures for discrete-time systems; 10. Filter design techniques; 11. Sampling rate conversion; 12. Filter banks; 13. Random signals; 14. Spectral analysis and optimum filtering; 15. Practical considerations.
=020  \\$a9780521110020 (hardback)
=100  1\$aManolakis, Dimitris G.
=700  1\$aIngle, Vinay K.
=080  \\$a621.374
=650  \0$aSignal processing$xDigital techniques.
=650  \7$aDigital communications$2lemb
=650  \7$aProcesamiento de señales - Técnicas digitales$2lemb
=650  \7$aComunicaciones digitales$2lemb
=690  \\$aIngeniería en Telecomunicaciones
=010  \\$a##2011019455
=040  \\$aDLC$cDLC$dYDX$dBTCTA$dYDXCP$dBWX$dDLC$bspa$darbccab
=050  00$aTK5102.9$b.M359 2011
=856  41$uhttp://campi.cab.cnea.gov.ar/tocs/tapas/22931.jpg$3Tapa
=856  41$uhttp://campi.cab.cnea.gov.ar/tocs/22931.pdf$3Índice
=005  20151218142521.0
=003  AR-BCCAB
=082  00$a621.382/2$223
=942  \\$cBK
=952  \\$2udc$aARBCCAB$bARBCCAB$d20151218$eCerutti Nilda Cristina$g$i22931$o621.374 M317$p22931$yBK$zFondo de Telecomunicaciones.
=952  \\$2udc$aARBCCAB$bARBCCAB$d20151119$eCiencia y Técnica$g$i22997$o621.374 M317 Ej.2$p22997$yBK$zFondo de Telecomunicaciones
=952  \\$2udc$aARBCCAB$bARBCCAB$d20151218$eCiencia y Técnica$g$i23015$o621.374 M317 Ej.3$p23015$yBK$zFondo de Telecomunicaciones
