=LDR  00000nam##22000005a#4500

=001  018130
=008  150911s2015####au#a###fs#####001#0#eng#d
=245  04$aThe Fukushima Daiichi accident$h[recurso electrónico] /$cInternational Atomic Energy Agency.
=260  \\$aVienna :$bIAEA,$c2015.
=300  \\$a6 v. (1254 p.) :$bil. ;$c30 cm. +$e5 CD-ROMs.
=500  \\$aSTI/PUB/1710.
=500  \\$aTítulo tomado de la versión electrónica (consultado: 11.09.15).
=500  \\$aThe set contains six printed parts and five supplementary CD-ROMs. The Report by the Director General is also available separately in Arabic, Chinese, French, Russian, Spanish and Japanese and these are available from the languages link below.
=505  0\$aReport by the Director General; Technical Volume 1/5, Description and Context of the Accident; Technical Volume 2/5, Safety Assessment; Technical Volume 3/5, Emergency Preparedness and Response; Technical Volume 4/5, Radiological Consequences; Technical Volume 5/5, Post-accident Recovery; Annexes.
=520  \\$aThe Fukushima Daiichi Accident consists of a Report by the IAEA Director General and five technical volumes. It is the result of an extensive international collaborative effort involving five working groups with about 180 experts from 42 Member States with and without nuclear power programmes and several international bodies. It provides a description of the accident and its causes, evolution and consequences, based on the evaluation of data and information from a large number of sources available at the time of writing. The Fukushima Daiichi Accident will be of use to national authorities, international organizations, nuclear regulatory bodies, nuclear power plant operating organizations, designers of nuclear facilities and other experts in matters relating to nuclear power, as well as the wider public.
=538  \\$aModo de acceso: World Wide Web.
=020  \\$a9789201070159
=710  2\$aInternational Atomic Energy Agency.
=080  \\$a621.039
=650  \7$aReactor safety$2inist
=650  \7$aNuclear power plants$2inist
=650  \7$aNuclear accidents$2inist
=650  \7$aRadioactive pollution$2lemb
=650  \7$aRadioactive substances$2lemb
=650  \7$aSeguridad de reactores$2inist
=650  \7$aCentrales nucleares$2inist
=650  \7$aAccidentes nucleares$2inist
=650  \7$aContaminación radiactiva$2lemb
=650  \7$aSustancias radiactivas$2lemb
=040  \\$aarbccab$bspa
=856  40$uhttp://www-pub.iaea.org/books/IAEABooks/10962/The-Fukushima-Daiichi-Accident$3Texto completo
=856  40$uhttp://campi.cab.cnea.gov.ar/tocs/tapas/10962Cov4.jpg$3Tapa
=856  40$qpdf$s14.42 Mb$uhttp://www-pub.iaea.org/MTCD/Publications/PDF/Pub1710-ReportByTheDG-Web.pdf$3Report by the Director General
=856  40$qpdf$s8.116 Mb$uhttp://www-pub.iaea.org/MTCD/Publications/PDF/AdditionalVolumes/P1710/Pub1710-TV1-Web.pdf$3Technical Volume 1/5
=856  40$qpdf$s5.102 Mb$uhttp://www-pub.iaea.org/MTCD/Publications/PDF/AdditionalVolumes/P1710/Pub1710-TV2-Web.pdf$3Technical Volume 2/5
=856  40$qpdf$s13.163 Mb$uhttp://www-pub.iaea.org/MTCD/Publications/PDF/AdditionalVolumes/P1710/Pub1710-TV3-Web.pdf$3Technical Volume 3/5
=856  40$qpdf$s19.962 Mb$uhttp://www-pub.iaea.org/MTCD/Publications/PDF/AdditionalVolumes/P1710/Pub1710-TV4-Web.pdf$3Technical Volume 4/5
=856  40$qpdf$s16.034 Mb$uhttp://www-pub.iaea.org/MTCD/Publications/PDF/AdditionalVolumes/P1710/Pub1710-TV5-Web.pdf$3Technical Volume 5/5
=856  40$qpdf$uhttp://www-pub.iaea.org/books/IAEABooks/Supplementary%5FMaterials/files/10962/1003/The-Fukushima-Daiichi-Accident$3Technical Volume 1/5 - Annexes CD-ROM
=856  40$qpdf$uhttp://www-pub.iaea.org/books/IAEABooks/Supplementary%5FMaterials/files/10962/1004/The-Fukushima-Daiichi-Accident$3Technical Volume 2/5 - Annexes CD-ROM
=856  40$qpdf$uhttp://www-pub.iaea.org/books/IAEABooks/Supplementary%5FMaterials/files/10962/1005/The-Fukushima-Daiichi-Accident$3Technical Volume 3/5 - Annexes CD-ROM
=856  40$qpdf$uhttp://www-pub.iaea.org/books/IAEABooks/Supplementary%5FMaterials/files/10962/1006/The-Fukushima-Daiichi-Accident$3Technical Volume 4/5 - Annexes CD-ROM
=856  40$qpdf$uhttp://www-pub.iaea.org/books/IAEABooks/Supplementary%5FMaterials/files/10962/1007/The-Fukushima-Daiichi-Accident$3Technical Volume 5/5 - Annexes CD-ROM
=005  20151112105354.0
=003  AR-BCCAB
=942  \\$cBK
