=LDR  00000ntm##22000005a#4500

=001  018134
=008  150915s2015####au#a###fsb####001#0#eng#d
=245  00$aMilestones in the development of a national infrastructure for nuclear power$h[recurso electrónico] /$cInternational Atomic Energy Agency.
=260  \\$aVienna :$bIAEA,$c2015.
=300  \\$a79 p. :$bil. ;$c24 cm.
=490  0\$aIAEA Nuclear Energy Series ;$vNG-G-3.1, rev. 1,$x19957807
=500  \\$aSTI/PUB/1704.
=500  \\$aTítulo tomado de la versión electrónica (consultado: 15.09.15).
=504  \\$aIncluye referencias bibliográficas.
=520  \\$aThe development and implementation of an appropriate infrastructure to support the successful introduction of nuclear power and its safe, secure, peaceful and sustainable application is an issue of central concern, especially for countries that are considering and planning their first nuclear power plant. In preparing the necessary nuclear infrastructure, there are several activities that need to be completed. These activities can be split into three progressive phases of development. This publication provides a description of the conditions expected to be achieved by the end of each phase to assist with the best use of resources. 'Milestones' refer to the conditions necessary to demonstrate that the phase has been successfully completed.
=538  \\$aModo de acceso: World Wide Web.
=020  \\$a9789201047151
=710  2\$aInternational Atomic Energy Agency.
=080  \\$a621.039
=650  \7$aNuclear power plants$2inist
=650  \7$aNuclear power plants$xSafety measures$2inist
=650  \7$aCentrales nucleares$2inist
=650  \7$aCentrales nucleares$xMedidas de seguridad$2inist
=040  \\$aarbccab$bspa
=856  41$qpdf$s731 Kb$uhttp://www-pub.iaea.org/MTCD/Publications/PDF/Pub1704%5Fweb.pdf$3Texto completo
=856  41$uhttp://campi.cab.cnea.gov.ar/tocs/tapas/10873Cov.jpg$3Tapa
=005  20151112105417.0
=003  AR-BCCAB
=942  \\$cBK
