=LDR  00000ntm##22000005a#4500

=001  018171
=008  150924s2015####au#ad##fsb####001#0#eng#d
=245  00$aWorldwide implementation of digital imaging in radiology :$ba resource guide in cooperation with the world health organization$h[recurso electrónico] /$cInternational Atomic Energy Agency.
=260  \\$aVienna :$bIAEA,$c2015.
=300  \\$a195 p. :$bil. (algunas col.) ;$c24 cm.
=490  0\$aIAEA Human Health Series,$x2075-3772 ;$vno. 28
=500  \\$aSTI/PUB/1647.
=500  \\$aTítulo tomado de la versión electrónica (consultado: 24.09.15).
=504  \\$aIncludes bibliographical references.
=520  \\$aThis publication provides a basic introduction to digital technology and digital networks as well as an overview of the issues to consider when implementing such technology in diagnostic radiology. In an area that is under rapid development, it provides a careful analysis of the principles and advice on implementation and sustainability of digital imaging and teleradiology. The transition from film to digitally based medical imaging is complex and requires knowledge and planning to be successful. This comprehensive resource guide contains information on the needs and implications of a transition to digital imaging with case studies for different facilities requiring different levels of communication connectivity. It is aimed at hospital administrators and managers, radiologists and radiographers/technologists, medical physicists and clinical engineers as well as information technology staff.
=538  \\$aModo de acceso: World Wide Web.
=020  \\$a9789201021144
=710  2\$aInternational Atomic Energy Agency.
=080  \\$a61:621.039
=650  \7$aDiagnostic imaging$xDigital techniques$2inist
=650  \7$aRadiography, Medical$xDigital techniques$2inist
=650  \7$aDiagnostic imaging$xMethods$2inist
=650  \7$aRadiografía biomédica$2inist
=653  \\$aDiagnóstico por imagen
=040  \\$aarbccab$bspa
=856  40$qpdf$s1.230 Kb$uhttp://www-pub.iaea.org/MTCD/Publications/PDF/Pub1647web.pdf$3Texto completo
=856  40$uhttp://campi.cab.cnea.gov.ar/tocs/tapas/10613Cov.jpg$3Tapa
=005  20151112105520.0
=003  AR-BCCAB
=942  \\$cBK
