=LDR  00000ntm##22000005a#4500

=001  018187
=008  150929s2015####au#a###fsb####001#0#eng#d
=245  00$aDecommissioning of pools in nuclear facilities$h[recurso electrónico] /$cInternational Atomic Energy Agency.
=260  \\$aVienna :$bIAEA,$c2015.
=300  \\$a200 p. :$bil. (algunas col.) ;$c30 cm.
=490  0\$aIAEA Nuclear Energy Series,$x1995-7807 ;$vno. NW-T-2.6
=500  \\$aSTI/PUB/1697.
=500  \\$aTítulo tomado de la versión electrónica (consultado: 29.09.15).
=504  \\$aIncludes bibliographical references.
=520  \\$aPools or ponds are usually an integrated part of a more complex nuclear facility, but in some particular cases pools may be considered as a separate nuclear facility with a specific license. A number of nuclear installations utilize pools for the cooling of spent fuel, or the shielding of research reactor cores or irradiator sources. Over a service lifetime that can span decades, nuclear pools may become contaminated as a result of the deposition of radioactive substances. Relevant aspects of pool decommissioning covered in this publication include project planning and management, health and safety, and the management of resulting waste.
=538  \\$aModo de acceso: World Wide Web.
=020  \\$a9789201031150
=710  2\$aInternational Atomic Energy Agency.
=080  \\$a621.039
=650  \7$aNuclear power plants$xDecommissioning$2inist
=650  \7$aNuclear reactors$xDecommissioning$2inist
=650  \7$aNuclear facilities$xDecommissioning$2inist
=650  \7$aRadioactive waste management$2inist
=650  \7$aRadioactive decontamination$2inist
=650  \7$aCentrales nucleares$2inist
=650  \7$aReactores nucleares$2inist
=650  \7$aInstalaciones nucleares$2inist
=650  \7$aGestión de residuos radiactivos$2inist
=650  \7$aDescontaminación radiactiva$2inist
=040  \\$aarbccab$bspa
=856  40$qpdf$s11.474 Kb$uhttp://www-pub.iaea.org/MTCD/Publications/PDF/Pub1697%5Fweb.pdf$3Texto completo
=856  40$uhttp://campi.cab.cnea.gov.ar/tocs/tapas/10669.jpg$3Tapa
=005  20151112105627.0
=003  AR-BCCAB
=942  \\$cBK
