=LDR  00000nam##22000005a#4500

=001  018189
=008  151006s2015####au#a###fsb####001#0#eng#d
=245  00$aNuclear Forensics in Support of Investigations :$bimplementing guide.$h[recurso electrónico] /$cInternational Atomic Energy Agency.
=260  \\$aVienna :$bIAEA,$c2015.
=300  \\$a80 p. :$bil. (algunas col.) ;$c30 cm.
=490  0\$aIAEA Nuclear Security Series,$x18169317 ;$vno. 2-G (rev. 1).
=500  \\$aSTI/PUB/1687.
=500  \\$aTítulo tomado de la versión electrónica (consultado: 06.10.2015).
=504  \\$aIncludes bibliographical references.
=520  \\$aThis publication is a revision of IAEA Nuclear Security Series No. 2, Nuclear Forensics Support, which was published in 2006. Since then, there has been substantive expansion and confidence in the application of nuclear forensics globally to effectively counter the threat of nuclear and other radioactive materials out of regulatory control. Most significantly, nuclear forensics has been applied in response to a number of incidents involving the illicit trafficking of highly enriched uranium and plutonium. The essential lessons learned from these experiences are incorporated in the revised publication to update the procedures and methods used in the conduct of a nuclear forensic examination as well as stress the importance of international cooperation.
=538  \\$aModo de acceso: World Wide Web.
=020  \\$a9789201021151
=710  2\$aInternational Atomic Energy Agency.
=650  \7$aRadioactive substances$xDetection$2inist
=650  \7$aRadioactive substances$xSecurity$2inist
=650  \7$aForensic sciences$2inist
=650  \7$aNuclear terrorism$2inist
=650  \7$aSustancias radiactivas$xDetección$2inist
=650  \7$aSustancias radiactivas$xSeguridad$2inist
=650  \7$aCiencias forenses$2inist
=650  \7$aTerrorismo nuclear$2inist
=040  \\$aarbccab$bspa
=856  40$qpdf$s0.75MB$uhttp://www-pub.iaea.org/MTCD/Publications/PDF/Pub1687web-74206224.pdf$3Texto completo
=856  40$uhttp://www-pub.iaea.org/MTCD/pubcovers/p1687cov-54338284.png$3Tapa
=005  20151014161814.0
=003  AR-BCCAB
=942  \\$cBK
