=LDR  00000nam##22000005a#4500

=001  018190
=008  151013s2015####au#####fsb####001#0#eng#d
=245  00$aCountry Nuclear Power Profiles$h[recurso electrónico] /$cInternational Atomic Energy Agency.
=260  \\$aVienna :$bIAEA,$c2015.
=500  \\$aNon-serial Publications.
=500  \\$aRead online.
=500  \\$aTítulo tomado de la versión electrónica (consultado: 13.10.2015).
=504  \\$aIncludes bibliographical references.
=520  \\$aThe Country Nuclear Power Profiles compile background information on the status and development of nuclear power programmes in Member States. The publication summarizes organizational and industrial aspects of nuclear power programmes and provides information about the relevant legislative, regulatory and international framework in each State. Its descriptive and statistical overview of the overall economic, energy and electricity situation in each State and its nuclear power framework is intended to serve as an integrated source of key background information about nuclear power programmes throughout the world. This 2015 edition, issued on CD-ROM, contains updated country information for 51 States.
=538  \\$aModo de acceso: World Wide Web.
=020  \\$a9789201585158
=710  2\$aInternational Atomic Energy Agency.
=650  \7$aProgram management$2inist
=650  \7$aNuclear energy$2inist
=650  \7$aInternational organizations$2inist
=650  \7$aGestión del programa$2inist
=650  \7$aEnergía nuclear$2inist
=650  \7$aOrganismos internacionales$2inist
=040  \\$aarbccab$bspa
=856  40$uhttp://www-pub.iaea.org/MTCD/Publications/PDF/CNPP2015%5FCD/pages/index.htm$3Texto completo
=856  40$uhttp://www-pub.iaea.org/MTCD/pubcovers/15-35761%5Fcnpp2015%5Fcov.gif$3Tapa
=005  20151013123509.0
=003  AR-BCCAB
=942  \\$cBK
