=LDR  00000nam##22000005a#4500

=001  018195
=008  090714s2010####maud###f#b####001#0#eng##
=245  10$aFiber Bragg gratings /$cRaman Kashyap.
=250  \\$a2nd ed.
=260  \\$aBurlington, MA :$bAcademic Press,$cc2010.
=300  \\$axviii, 614 p. :$bil. ;$c24 cm.
=504  \\$aIncludes bibliographical references and index.
=505  0\$aPhotosensitivity and photosensitization of optical fibers -- Fabrication of bragg gratings -- Theory of fiber bragg gratings -- Apodization of fiber gratings -- Fiber grating band-pass filters -- Chirped fiber bragg gratings -- Fiber grating lasers and amplifiers -- Measurement and characterization of gratings -- Principles of optical fiber grating sensors -- Femtosecond-induced refractive index changes in glass -- Poling of glasses and optical fibers.
=520  \\$aThis fully revised, updated and expanded second edition covers the substantial advances in the manufacture and use of FBGs in the years since the publication of the pioneering first edition. It presents a comprehensive treatise on FBGs and addresses issues such as the merits of one solution over another; why particular fabrication methods are preferred; and what advantages a user may gain from certain techniques. Beginning with the principles of FBGs, the book progresses to discuss photosensitization of optical fibers, Bragg grating fabrication and theory, properties of gratings, specific applications, sensing technology, glass poling, advances in femtosecond laser writing of Bragg gratings and FBG measurement techniques. In addition to material on telecommunications usage of FBGs, application areas such as fiber lasers and sensors are addressed in greater detail.
=020  \\$a9780123725790 (hardcover : alk. paper)
=020  \\$a0123725798 (hardcover : alk. paper)
=100  1\$aKashyap, Raman.
=080  \\$a621.391.6
=650  \7$aOptical fibers$2inist.
=650  \7$aFibras ópticas$2inist
=650  \0$aBragg gratings
=650  \0$aOptical detectors
=690  \\$aIngeniería en Telecomunicaciones
=010  \\$a##2009027192
=040  \\$aDLC$cDLC$dYDX$dBWX$dOKU$dYDXCP$dDLC$darbccab$bspa
=856  41$uhttp://ecx.images-amazon.com/images/I/51CW2L3t5lL.%5FAA160%5F.jpg$3Tapa
=856  41$uhttp://campi.cab.cnea.gov.ar/tocs/22963.pdf$3Índice
=005  20171019144009.0
=003  AR-BCCAB
=082  00$a621.382/75$222
=942  \\$cBK
=952  \\$2udc$aARBCCAB$bARBCCAB$d20151104$eCerutti Nilda Cristina$g$i22963$o621.391.6 K151 Ed.2$p22963$yBK$zFondos de Telecomunicaciones
=952  \\$2udc$aARBCCAB$bARBCCAB$d20161122$eCiencia y Técnica$g$i23230$o621.391.6 K151 Ed.2 Ej.2$p23230$yBK
=952  \\$2udc$aARBCCAB$bARBCCAB$d2017-10-05$g$i23506$o621.391.6 K151 Ed.2 Ej.3$p23506$yBK
