=LDR  00000cam##2200000#a#4500

=001  018196
=008  131209s2013####ne#a#####b####001#0#eng#d
=245  00$aOptical fiber telecommunications VI /$cIvan Kaminow, Tingye Li, Alan E. Willner.
=250  \\$a6th ed.
=260  \\$aAmsterdam ;$aBoston :$bAcademic Press :$bElsevier,$c2013.
=300  \\$a2 v. :$bil. ;$c25 cm.
=504  \\$aIncludes bibliographical references and indexes.
=505  0\$a[v. 1A]. Components and subsystems -- [v. 1B] Systems and networks.
=520  \\$aOptical Fiber Telecommunications VI (A&B) is the sixth in a series that has chronicled the progress in the R&D of lightwave communications since the early 1970s. Written by active authorities from academia and industry, this edition brings a fresh look to many essential topics, including devices, subsystems, systems and networks. A central theme is the enabling of high-bandwidth communications in a cost-effective manner for the development of customer applications. These volumes are an ideal reference for R&D engineers and managers, optical systems implementers, university researchers and students, network operators, and investors. Volume A is devoted to components and subsystems, including photonic integrated circuits, multicore and few-mode fibers, photonic crystals, silicon photonics, signal processing, and optical interconnections.Volume B is devoted to systems and networks, including advanced modulation formats, coherent detection, Tb/s channels, space-division multiplexing, reconfigurable networks, broadband access, undersea cable, satellite communications, and microwave photonics. All the latest technologies and techniques for developing future components and systems Edited by two winners of the highly prestigious OSA/IEEE John Tyndal award and a President of IEEE's Lasers & Electro-Optics Society (7,000 members) Written by leading experts in the field, it is the most authoritative and comprehensive reference on optical engineering on the market
=020  \\$a9780123969583 (v.1A)
=020  \\$a9780123969606 (v. 1B)
=700  1\$aKaminow, Ivan P.,$d1930-
=700  1\$aLi, Tingye.
=700  1\$aWillner, Alan E.
=246  3\$aOptical fiber telecommunications 6
=080  \\$a621.391.6
=650  \7$aOptical fiber$2inist
=650  \7$aFibras ópticas$2inist
=653  \\$aOptical fiber communication
=653  \\$aPhotonic cuircuits
=653  \\$aSignal processing
=653  \\$aNetworks
=653  \\$aComunicación de fibra óptica
=653  \\$aCircuitos fotónicos
=690  \\$aIngeniería en Telecomunicaciones
=010  \\$a##2013444224
=016  7\$a016224771$2Uk
=040  \\$aUKMGB$beng$cUKMGB$dOCLCO$dYDXCP$dCNCEN$dCUY$dDLC$darbccab
=856  41$uhttp://ecx.images-amazon.com/images/I/51tcwuAffzL.%5FAA160%5F.jpg$3Tapa Pt.1A
=856  41$uhttp://campi.cab.cnea.gov.ar/tocs/22961.pdf$3Índice Pt.1A
=856  41$uhttp://ecx.images-amazon.com/images/I/51GaI6leE+L.%5FAA160%5F.jpg$3Tapa Pt.1B
=856  41$uhttp://campi.cab.cnea.gov.ar/tocs/22962.pdf$3Índice Pt.1B
=005  20160224110317.0
=003  AR-BCCAB
=082  04$a621.38275$223
=942  \\$cBK
=952  \\$2udc$aARBCCAB$bARBCCAB$d20160223$eCerutti Nilda Cristina$g$i22961$o621.391.6 K128 Ed.6 Pt. A Pt.A$p22961$yBK$zFondo de Telecomunicaciones
=952  \\$2udc$aARBCCAB$bARBCCAB$d2016-02-10$eCiencia y Técnica$g$i23033$o621.391.6 K128 Ed.6 Pt. A Pt.A Ej.2$p23033$yBK$zFondos de Telecomunicaciones
=952  \\$2udc$aARBCCAB$bARBCCAB$i22962$o621.391.6 K128 Ed.6 Pt. B Pt.B$p22962$yBK
=952  \\$2udc$aARBCCAB$bARBCCAB$d2016-02-10$eCiencia y Técnica$g$i23034$o621.391.6 K128 Ed.6 Pt. B Pt.B Ej.2$p23034$yBK$zFondo de Telecomunicaciones
