=LDR  00000cam##22000007a#4500

=001  018198
=008  010309s2002####nyua#####b####001#0#eng##
=245  10$aAntennas for all applications /$cJohn D. Kraus, Ronald J. Marhefka.
=250  \\$a3rd ed.
=260  \\$aNew York :$bMcGraw-Hill,$cc2002.
=300  \\$axviii, 938 p. :$bil. ;$c24 cm.
=504  \\$aIncludes bibliographical references and indexes.
=520  \\$aThis is an exciting revision of John Kraus' classic book Antennas, which has been long known as the "Antenna Bible". A new co-author, Ronald Marhefka has joined the author team for this revison. Many new, modern applications have been added-thus the title change to Antennas with All Applications. As well, the references have been updated to include recent additons to the literature. Additionally, the book has been reorganized to make it more user-friendly for both students and professionals. The book now covers the fundamentals of various antennas and concepts in the first half of the book and then gets into more details on those same topics later in the book. This allows a one-semester course to just cover the fundamentals if desired, and a professional to focus on advanced topics if he or she wants.
=020  \\$a0072321032 (alk. paper)
=020  \\$a0071122400 (International ed.)
=100  1\$aKraus, John Daniel,$d1910-2004.
=700  1\$aMarhefka, Ronald J.
=080  \\$a621.396.67
=650  \0$aAntennas (Electronics)
=650  \7$aAntennas$2inist
=650  \7$aAntenas$2inist
=690  \\$aIngeniería en Telecomunicaciones
=010  \\$a##2001030613
=040  \\$aDLC$cDLC$dDLC$bspa$darbccab
=856  41$uhttp://ecx.images-amazon.com/images/I/51B5067f7pL.%5FAA160%5F.jpg$3Tapa
=856  41$uhttp://campi.cab.cnea.gov.ar/tocs/22969.pdf$3Índice
=005  20160404123215.0
=003  AR-BCCAB
=082  00$a621.382/4$221
=942  \\$cBK
=952  \\$2udc$aARBCCAB$bARBCCAB$d20151105$eCiencia y Técnica$g$i22969$o621.396.67 K868 Ed.3$p22969$yBK$zFondos de Telecomunicaciones
