=LDR  00000cam##22000004a#4500

=001  018199
=008  950202s2007####njua#####b####001#0#eng##
=245  10$aWavelets and subband coding /$cMartin Vetterli, Jelena Kovacevic.
=260  \\$aEnglewood Cliffs, N.J. :$bPrentice Hall PTR,$cc2007.
=300  \\$axvi, 505 p. :$bil. ;$c24 cm.
=440  \0$aPrentice Hall signal processing series
=504  \\$aIncludes bibliographical references (p. 477-498) and index.
=520  \\$aFirst published in 1995, Wavelets and Subband Coding offers a unified view of the exciting field of wavelets and their discrete-time cousins, filter banks, or subband coding. The book develops the theory in both continuous and discrete time, and presents important applications. During the past decade, it filled a useful need in explaining a new view of signal processing based on flexible time-frequency analysis and its applications. The book was originally published by Prentice Hall. The authors bought back the copyright and have republished it here. They also distribute the book freely at waveletsandsubbandcoding.org. Chapter 1 gives an overview of the topics covered and introduces the concept of multiresolution that is central in both theory and applications. Chapter 2 is a review of fundamentals that makes the book self-contained, and it includes discussions of vector spaces, Fourier theory, signal processing, and time-frequency analysis. Chapter 3 develops discrete-time linear expansions based on filter banks or subband coding. The two-channel case is studied in detail. The multichannel case as well as transmultiplexers are developed and design examples are given. Chapter 4 develops wavelets, both with direct approaches and based on filter banks, and describes wavelet series and their computation, as well as the construction of modified local Fourier transforms. Chapter 5 discusses continuous wavelet and local Fourier transforms that are used in signal analysis, as well as discretized versions leading to frames. Chapter 6 addresses efficient algorithms for filter banks and wavelet computations. Chapter 7 concludes the coverage by describing signal compression where filter banks and wavelets play important roles, including speech, audio, image, and video compression. Source coding using transforms, quantization, and entropy coding are studied in detail, and the usefulness of multiresolution coding in current applications is discussed. In addition, each chapter includes numerous illustrative examples and several appendices cover additional material. The book includes about a hundred homework problems, and contains 130 illustrations and photographs.
=020  \\$a9781484886991
=100  1\$aVetterli, Martin.
=700  1\$aKovacevic, Jelena.
=080  \\$a517.986.6
=650  \0$aSignal processing$xDigital techniques
=650  \0$aWavelets (Mathematics)
=690  \\$aIngeniería en Telecomunicaciones
=010  \\$a###95005967#
=040  \\$aDLC$cDLC$dDLC$bspa$darbccab
=856  41$uhttp://ecx.images-amazon.com/images/I/41HyD6wGfJL.%5FAA160%5F.jpg$3Tapa
=856  41$uhttp://campi.cab.cnea.gov.ar/tocs/22964.pdf$3Índice
=005  20151113115156.0
=003  AR-BCCAB
=082  00$a621.382/2$220
=942  \\$cBK
=952  \\$2udc$aARBCCAB$bARBCCAB$i22964$o517.986.6 V643$p22964$yBK
=952  \\$2udc$aARBCCAB$bARBCCAB$i22965$o517.986.6 V643 Ej.2$p22965$yBK
