=LDR  00000pam##2200000#a#4500

=001  018202
=008  071012r20081994nyua#####b####001#0#eng##
=245  10$aDigital processing of random signals :$btheory and methods /$cBoaz Porat.
=250  \\$aDover ed.
=260  \\$aMineola, N.Y. :$bDover,$c2008.
=300  \\$axi, 449 p. :$bil. ;$c24 cm.
=440  \0$aDover books on engineering
=500  \\$aOriginally published: Englewood Cliffs, N.J. : Prentice-Hall, 1994.
=504  \\$aIncludes bibliographical references and indexes.
=520  \\$aThis excellent advanced text rigorously covers several topics related to random signal processing. Geared toward students of electrical engineering, its material is sufficiently general to be applicable to other engineering fields. It features numerous homework problems of varying difficulty, with ample hints for the more challenging problems, and solutions for those with results that reappear in later chapters. Author Boaz Porat, Professor of Electrical Engineering at the Israel Institute of Technology (Technion), in Haifa, introduces stationary processes and discusses their structure and main properties. He proceeds to examinations of statistical estimation theory, classical spectrum estimation, and parameter estimation theory for Gaussian processes. Subsequent chapters explore autoregressive parameter estimation and its role in adaptive estimation techniques, in addition to estimation methods based on high-order statistical analysis and the time-frequency analysis of nonstationary signals. Four helpful appendixes conclude the text.
=020  \\$a9780486462981 (pbk.)
=020  \\$a0486462986 (pbk.)
=100  1\$aPorat, Boaz.
=080  \\$a621.374
=650  \7$aStochastic processes$2inist
=650  \7$aProcesos estocasticos$2inist
=650  \0$aSignal processing$xDigital techniques
=650  \0$aSignal processing$xStatistical methods
=690  \\$aIngeniería en Telecomunicaciones
=010  \\$a##2007041041
=040  \\$aDLC$cDLC$dYDX$dBTCTA$dBAKER$dYDXCP$dDLC$bspa$darbccab
=856  41$3Tapa$uhttp://ecx.images-amazon.com/images/I/51rZEoQFr1L.%5FAA160%5F.jpg
=856  41$uhttp://campi.cab.cnea.gov.ar/tocs/22967.pdf$3Índice
=005  20190322111935.0
=003  AR-BCCAB
=942  \\$cBK
=952  \\$2udc$aARBCCAB$bARBCCAB$d20151105$eCiencia y Técnica$g$i22967$o621.374 P821$p22967$yBK$zFondos de Telecomunicaciones
=952  \\$2udc$aARBCCAB$bARBCCAB$i22968$o621.374 P821 Ej.2$p22968$yBK
=952  \\$2udc$aARBCCAB$bARBCCAB$d2019-01-18$eNuñez, Alfredo$g$i23783$o621.374 P821 Ej.3$p23783$yBK
