=LDR  00000cam##2200000#a#4500

=001  018203
=008  141216s2014####enka#####b####001#0#eng##
=245  10$aFoundations of signal processing /$cMartin Vetterli, Jelena Kovacevic, Vivek K Goyal.
=264  \0$aCambridge :$bCambridge University Press,$c2014.
=300  \\$axxvii, 715 pages :$billustrations ;$c26 cm.
=504  \\$aIncludes bibliographical references and index.
=520  \\$aThis comprehensive and engaging textbook introduces the basic principles and techniques of signal processing, from the fundamental ideas of signals and systems theory to real-world applications. Students are introduced to the powerful foundations of modern signal processing, including the basic geometry of Hilbert space, the mathematics of Fourier transforms, and essentials of sampling, interpolation, approximation and compression The authors discuss real-world issues and hurdles to using these tools, and ways of adapting them to overcome problems of finiteness and localization, the limitations of uncertainty, and computational costs. It includes over 160 homework problems and over 220 worked examples, specifically designed to test and expand students' understanding of the fundamentals of signal processing, and is accompanied by extensive online materials designed to aid learning, including Mathematica® resources and interactive demonstrations.
=020  \\$a9781107038608 (hardback)
=100  1\$aVetterli, Martin,$eauthor.
=700  1\$aKovacevic, Jelena,$eauthor.
=700  1\$aGoyal, Vivek K.,$eauthor.
=246  30$aSignal processing
=080  \\$a621.374
=650  \0$aSignal processing
=650  \0$aProcesamiento de la señal
=690  \\$aIngeniería en Telecomunicaciones
=010  \\$a##2014497596
=040  \\$aDLC$beng$erda$cDLC$dDLC$darbccab
=856  41$uhttp://ecx.images-amazon.com/images/I/41ksB5UNzmL.%5FAA160%5F.jpg$3Tapa
=856  41$uhttp://campi.cab.cnea.gov.ar/tocs/22989.pdf$3Índice
=005  20160404161508.0
=003  AR-BCCAB
=082  00$a621.382/2$223
=942  \\$cBK
=952  \\$2udc$aARBCCAB$bARBCCAB$i22989$o621.374 V643$p22989$yBK
=952  \\$2udc$aARBCCAB$bARBCCAB$d20160404$eCiencia y Técnica$g$i23093$o621.374 V643 Ej.2$p23093$yBK$zFondo de Telecomunicaciones
