=LDR  00000cam##2200000#a#4500

=001  018205
=008  130701s2013####ne#a#####b####001#0#eng##
=245  10$aNonlinear fiber optics /$cGovind P. Agrawal, The Institute of Optics, University of Rochester, Rochester, New York.
=250  \\$aFifth edition.
=264  \0$aAmsterdam :$bElsevier/Academic Press,$c2013.
=300  \\$axx, 629 pages :$billustrations ;$c24 cm.
=504  \\$aIncluye referencias bibliográficas e índice.
=520  \\$aSince the 4e appeared, a fast evolution of the field has occurred. The 5e of this classic work provides an up-to-date account of the nonlinear phenomena occurring inside optical fibers, the basis of all our telecommunications infastructure as well as being used in the medical field. Reflecting the big developments in research, this new edition includes major new content: slow light effects, which offers a reduction in noise and power consumption and more ordered network traffic-stimulated Brillouin scattering; vectorial treatment of highly nonlinear fibers; and a brand new chapter on supercontinuum generation in optical fibers. Continues to be industry bestseller providing unique source of comprehensive coverage on the subject of nonlinear fiber optics. Updated coverage of intrapulse Raman scattering, four-wave mixing, and Harmonic Generation. Includes a new chapter excusively devoted to supercontinuum generation in optical fibers.
=020  \\$a9780123970237 (hardcover)
=100  1\$aAgrawal, G. P.$q(Govind P.),$d1951-
=080  \\$a621.391.6
=650  \7$aFiber optics$2inist
=650  \7$aNonlinear optics$2inist
=650  \7$aOptica de fibras$2inist
=650  \7$aOptica alineal$2inist
=690  \\$aIngeniería en Telecomunicaciones
=010  \\$a##2013431001
=040  \\$aDLC$beng$cDLC$erda$dDLC$darbccab
=856  41$uhttp://ecx.images-amazon.com/images/I/51+rOHNpHvL.%5FAA160%5F.jpg$3Tapa
=856  41$uhttp://campi.cab.cnea.gov.ar/tocs/22959.pdf$3Índice
=005  20151106141215.0
=003  AR-BCCAB
=082  00$a621.36/92$223
=942  \\$cBK
=952  \\$2udc$aARBCCAB$bARBCCAB$d20151103$eImportadora Cerutti Nilda Cristina$g$i22959$o621.391.6 Ag81 Ed.5$p22959$yBK$zFondo de Telecomunicaciones
