=LDR  00000nam##22000005a#4500

=001  018207
=008  120402s2012####nyua##########000#0#eng##
=245  10$aQuantum information, computation and communication /$cJonathan A. Jones, Dieter Jaksch.
=260  \\$aNew York :$bCambridge University Press,$c2012.
=300  \\$aviii, 200 p. :$bil. ;$c26 cm.
=520  \\$a"Quantum physics allows entirely new forms of computation and cryptography, which could perform tasks currently impossible on classical devices, leading to an explosion of new algorithms, communications protocols, and suggestions for physical implementations of all these ideas. As a result, quantum information has made the transition from an exotic research topic to part of mainstream undergraduate courses in physics. Based on years of teaching experience, this textbook builds from simple fundamental concepts to cover the essentials of the field. Aimed at physics undergraduate students with a basic background in quantum mechanics, this textbook guides readers through theory and experiment, introducing all the central concepts without getting caught up in details. Worked examples and exercises make the textbook useful as a self-study text for those who want a brief introduction before starting on more advanced books. Solutions are available online at www.cambridge.org/9781107014466"--$cProvided by publisher.
=505  8\$aMachine generated contents note: Part I. Quantum Information: 1. Quantum bits and quantum gates; 2. An atom in a laser field; 3. Spins in magnetic fields; 4. Photon techniques; 5. Two qubits and beyond; 6. Measurement and entanglement; Part II. Quantum Computation: 7. Principles of quantum computing; 8. Elementary quantum algorithms; 9. More advanced quantum algorithms; 10. Trapped atoms and ions; 11. Nuclear magnetic resonance; 12. Large scale quantum computers; Part III. Quantum Communication: 13. Basics of information theory; 14. Quantum information; 15. Quantum communication; 16. Testing EPR; 17. Quantum cryptography; Appendixes; References; Index.
=020  \\$a9781107014466 (hardback)
=100  1\$aJones, J. A.$q(Jonathan A.)
=700  1\$aJaksch, Dieter.
=080  \\$a530.145
=650  \7$aQuantum computers$2inist
=650  \0$aInformation theory in physics
=650  \0$aTeoría de la información en la física
=690  \\$aIngeniería en Telecomunicaciones
=010  \\$a##2012010538
=040  \\$aDLC$cDLC$dDLC$bspa$darbccab
=050  00$aQA76.889$b.J66 2012
=856  41$uhttp://assets.cambridge.org/97811070/14466/cover/9781107014466.jpg$3Tapa
=856  41$uhttp://campi.cab.cnea.gov.ar/tocs/22991.pdf$3Índice
=005  20151117161224.0
=003  AR-BCCAB
=082  00$a004.1$223
=942  \\$cBK
=952  \\$2udc$aARBCCAB$bARBCCAB$d20151116$eCiencia y Técnica$g$i22991$o530.145 J710$p22991$yBK$zFondo de Telecomunicaciones
