=LDR  00000cam##22000004a#4500

=001  018208
=008  060124s2005####enka#####b####001#0#eng#d
=245  10$aFundamentals of wireless communication /$cDavid Tse and Pramod Viswanath.
=260  \\$aCambridge, UK ;$aNew York :$bCambridge University Press,$c2005.
=300  \\$axxi, 564 p. :$bil. ;$c26 cm.
=504  \\$aIncludes bibliographical references (p. 546-553) and index.
=520  \\$aThe past decade has seen many advances in physical layer wireless communication theory and their implementation in wireless systems. This textbook takes a unified view of the fundamentals of wireless communication and explains the web of concepts underpinning these advances at a level accessible to an audience with a basic background in probability and digital communication. Topics covered include MIMO (multi-input, multi-output) communication, space-time coding, opportunistic communication, OFDM and CDMA. The concepts are illustrated using many examples from real wireless systems such as GSM, IS-95 (CDMA), IS-856 (1 x EV-DO), Flash OFDM and UWB (ultra-wideband). Particular emphasis is placed on the interplay between concepts and their implementation in real systems. An abundant supply of exercises and figures reinforce the material in the text. This book is intended for use on graduate courses in electrical and computer engineering and will also be of great interest to practising engineers.
=020  \\$a9780521845274
=020  \\$a0521845270
=100  1\$aTse, David.
=700  1\$aViswanath, Pramod.
=080  \\$a621.396.4
=650  \0$aWireless communication systems
=650  \0$aSistemas de comunicación inalámbrica
=010  \\$a##2006272166
=016  7\$a013118377$2Uk
=040  \\$aUKM$beng$cUKM$dBWKUK$dOCL$dBAKER$dIXA$dDLC$darbccab
=856  42$uhttp://ecx.images-amazon.com/images/I/51vYuEGzDxL.%5FAA160%5F.jpg$3Tapa
=856  41$uhttp://campi.cab.cnea.gov.ar/tocs/22980.pdf$3Índice
=005  20151110101608.0
=003  AR-BCCAB
=082  04$a621.382$222
=942  \\$cBK
=952  \\$2udc$aARBCCAB$bARBCCAB$d20151109$eCiencia y Técnica$g$i22980$o621.396.4 T787$p22980$yBK$zFondos de Telecomunicaciones
