=LDR  00000cam##22000007a#4500

=001  018209
=008  151103s2010####enka##########001#0#und#d
=245  13$aAn introduction to quantum computing /$cPhillipe Kaye, Raymond Laflamme and Michele Mosca.
=260  \\$aOxford :$bOxford University Press,$cc2007, 2010.
=300  \\$a274 p. :$bil.
=520  \\$aThis concise, accessible text provides a thorough introduction to quantum computing - an exciting emergent field at the interface of the computer, engineering, mathematical and physical sciences. Aimed at advanced undergraduate and beginning graduate students in these disciplines, the text is technically detailed and is clearly illustrated throughout with diagrams and exercises. Some prior knowledge of linear algebra is assumed, including vector spaces and inner products. However, prior familiarity with topics such as tensor products and spectral decomposition is not required, as the necessary material is reviewed in the text.
=020  \\$a9780198570493
=100  1\$aKaye, Phillip.
=700  1\$aLaflamme, Raymond.
=700  1\$aMosca, Michele.
=080  \\$a510.5
=040  \\$aarbccab$bspa
=856  41$uhttp://ecx.images-amazon.com/images/I/51iu8ddJhuL.%5FAA160%5F.jpg$3Tapa
=856  41$3Índice$uhttp://campi.cab.cnea.gov.ar/tocs/22979.pdf
=005  20151113120024.0
=003  AR-BCCAB
=942  \\$cBK
=952  \\$2udc$aARBCCAB$bARBCCAB$d20151113$eCiencia y Técnica$g$i22979$o510.5 K182$p22979$yBK$zFondos de Telecomunicaciones
