=LDR  00000nam##22000005a#4500

=001  018210
=008  000407s2000####enka#####b####001#0#eng##
=245  10$aInformation and coding theory /$cGareth A. Jones and J. Mary Jones.
=260  \\$aLondon ;$aNew York :$bSpringer,$cc2000.
=300  \\$axiii, 210 p. :$bil. ;$c24 cm.
=490  0\$aSpringer undergraduate mathematics series
=504  \\$aIncludes bibliographical references (p. 191-194) and indexes.
=520  \\$aThis text is an elementary introduction to information and coding theory. The first part focuses on information theory, covering uniquely decodable and instantaneous codes, Huffman coding, entropy, information channels, and Shannon's Fundamental Theorem. In the second part, linear algebra is used to construct examples of such codes, such as the Hamming, Hadamard, Golay and Reed-Muller codes. Contains proofs, worked examples, and exercises.
=020  \\$a1852336226 (acid-free paper)
=020  \\$a9781852336226
=100  1\$aJones, Gareth A.,$d1946-
=700  1\$aJones, J. Mary$q(Josephine Mary),$d1946-
=080  \\$a519.72
=650  \7$aInformation theory
=650  \7$aTeoría de la información
=653  \\$aCoding theory
=653  \\$aTeoría de la codificación
=690  \\$aIngeniería en Telecomunicaciones
=010  \\$a###00030074#
=040  \\$aDLC$cDLC$dDLC$bspa$darbccab
=856  42$uhttp://ecx.images-amazon.com/images/I/51q-UksgC-L.%5FAA160%5F.jpg$3Tapa
=856  41$uhttp://campi.cab.cnea.gov.ar/tocs/22978.pdf$3Índice
=005  20151113120644.0
=003  AR-BCCAB
=082  00$a003/.54$221
=942  \\$cBK
=952  \\$2udc$aARBCCAB$bARBCCAB$d20151113$eCiencia y Técnica$g$i22978$o519.72 J710$p22978$yBK$zFondos de Telecomunicaciones
