=LDR  00000cam##22000004a#4500

=001  018211
=008  130221s2013####njua##########001#0#eng##
=245  10$aDigital microwave communication :$bengineering point-to-point microwave systems /$cGeorge Kizer.
=264  \0$aHoboken, New Jersey :$bJohn Wiley & Sons, Inc.,$c[2013]
=300  \\$axix, 736 pages :$billustrations ;$c26 cm.
=520  \\$aUntil now, no book has adequately treated all engineering aspects of microwave communications in the digital age. This important new work provides readers with the depth of knowledge necessary for all the practical engineering details associated with fixed point-to-point microwave radio path design: the why, what, and how of microwave transmission; design objectives; engineering methodologies; and design philosophy (in the bid, design, and acceptance phase of the project). Written in an easily accessible format, the book is complete with an appendix of specialized engineering details and formulas.
=020  \\$a9780470125342 (hardback)
=100  1\$aKizer, George M.$q(George Maurice),$d1945-
=080  \\$a621.374
=653  \\$aDigital communications
=653  \\$aMicrowave communication systems
=653  \\$aComunicación digital
=653  \\$aSistemas de comunicación de microondas
=690  \\$aIngeniería en Telecomunicaciones
=010  \\$a##2012048284
=040  \\$aDLC$beng$cDLC$erda$dDLC$darbccab
=856  42$uhttp://catalogimages.wiley.com/images/db/jimages/9780470125342.jpg$3Tapa
=856  42$uhttp://campi.cab.cnea.gov.ar/tocs/22976.pdf$3Índice
=005  20151111153944.0
=003  AR-BCCAB
=082  00$a621.382$223
=942  \\$cBK
=952  \\$2udc$aARBCCAB$bARBCCAB$d20151111$eCiencia y Técnica$g$i22976$o621.374 K658$p22976$yBK$zFondo de Telecomunicaciones
